2516 4250
128 217 177 280 50'
465 212 507 277 C.
530 212 637 278 Cosa.
660 212 786 278 Tncrar
920 215 976 299 [A.
994 215 1036 280 C.
1052 217 1142 282 822.-

127 380 210 444 ‘d'ari
225 393 356 461 tempus,
379 375 428 440 edi
445 377 579 454 crimina,
598 379 734 464 quamvis
748 379 875 444 invisum
899 402 935 444 ac
958 399 1132 462 nocentem,

125 486 210 530 more
221 481 321 530 tamen
334 464 529 528 audiendum'
542 467 715 529 censebant.
752 465 794 530 Et
805 467 926 531 valuere
938 469 1044 553 primb,
1055 471 1133 534 dila·
1239 475 1240 514 3

91 565 98 573 “
125 569 215 638 taque
231 553 260 616 in
278 573 393 634 paucos
407 552 475 614 dies
491 552 641 636 cognitio:
665 573 738 616 mox
754 553 912 618 damnatus
927 573 973 620 est
988 555 1131 636 Faustus,

124 639 317 725 nequbquam
334 660 371 700 eo
383 659 506 702 assensn
517 639 654 716 civitatis,
667 661 757 724 quem
770 641 906 724 pessimis
918 644 1049 707 moribus
1064 665 1132 708 me-

125 744 247 791 ruerat:
270 725 381 812 quippe
405 725 501 810 ipsum
526 725 670 810 Crispum
685 727 809 790 easdem
826 729 1034 793 accusationes
1058 751 1131 794 cunr

126 813 249 898 premio
265 812 440 876 exercuisse
462 812 679 876 meminerant:
708 834 766 876 neo
788 835 878 899 poena
905 817 1047 894 criminis,
1074 817 1131 881 sed

126 901 203 965 ultor
218 900 405 983 displicebat.
1239 937 1240 950 .

169 985 228 1050 Xl.
253 985 336 1049 Lete
351 985 468 1048 interim
484 985 596 1050 Othoni
613 986 756 1070 principia
771 985 851 1063 belli,
874 987 964 1051 motis
979 988 1017 1051 ad
1034 989 1132 1074 impe-
1239 1013 1240 1068 r

125 1075 202 1138 rium
232 1071 298 1158 ejus
324 1093 342 1134 e
366 1071 519 1135 Dalmatia
541 1071 759 1158 Pannonirique
782 1074 975 1138 exercitibus.
1025 1075 1131 1142 Fuere

127 1177 253 1246 quatuor
273 1159 417 1240 legiones,
434 1179 452 1220 e
468 1159 575 1242 quibus
591 1159 658 1221 bina
676 1159 765 1222 millia
783 1161 956 1244 premissa3
978 1162 1049 1246 ipse
1064 1183 1132 1228 mo-

126 1247 202 1310 dicis
216 1245 376 1310 intervallis
390 1246 613 1328 sequebantur:
636 1245 762 1328 septima
784 1267 800 1308 a
824 1245 924 1310 Gatbt
938 1249 1131 1334 conscripta;

126 1349 274 1397 veteram
290 1331 451 1395 undecima
467 1352 502 1394 ao
518 1332 724 1396 tertiadecima
736 1348 766 1396 et
782 1333 934 1417 precipuis
945 1333 1027 1398 lamb
1041 1357 1131 1422 quar·

125 1419 327 1495 tadecumani,
357 1418 519 1481 rebellione
545 1417 706 1482 Britanniae
729 1420 914 1505 compresse.
961 1423 1132 1488 Addiderat
1239 1479 1240 1492 .

126 1507 249 1592 gloriam
265 1504 362 1583 Nero,
387 1505 536 1587 eligendo,
562 1521 593 1569 ut
616 1505 795 1589 potissimos.
841 1505 934 1570 Unde
960 1508 1049 1591 longa
1075 1509 1132 1574 illis

127 1615 198 1678 erga
223 1591 378 1656 Neronem
394 1592 479 1668 fides,
505 1608 535 1656 et
560 1609 662 1656 erecta
678 1593 705 1655 in
722 1591 877 1658 Othonem
900 1595 1009 1658 studia.
1055 1593 1131 1672 Sed,

127 1680 188 1766 qud
200 1681 267 1766 plus
283 1679 388 1742 virium
405 1701 440 1742 ae
456 1679 609 1756 roboris,e
624 1679 737 1743 fiduciis
748 1681 870 1745 tarditas
885 1681 997 1746 inerat:
1021 1703 1130 1766 agmen

126 1768 278 1850 legionum
295 1767 348 1831 ale
364 1767 564 1852 cohortesque
581 1767 812 1850 proveniebant.
859 1766 899 1832 Et
915 1789 955 1831 ex
976 1767 1043 1851 ipsit
1055 1769 1131 1832 urbe
1228 1767 1240 1798 ‘⁴³

101 1869 106 1876 “
126 1854 207 1918 haud
223 1855 391 1936 spernenda
405 1875 520 1929 manus,
534 1854 665 1938 quinque
678 1853 828 1919 Pretorirc
840 1855 991 1931 cohortes,
1003 1870 1033 1918 et
1045 1855 1131 1942 equi·

126 1956 190 2005 tum
205 1940 314 2003 vexilla
330 1960 400 2002 com
416 1939 536 2024 legione
552 1939 667 2022 primda
698 1961 733 2002 ac
750 1939 887 2002 delnrme
910 1942 1032 2023 insuper
1054 1963 1131 2006 aux·

126 2027 221 2102 ilium,
248 2025 309 2087 duo
336 2025 424 2088 millia
447 2025 654 2108 gladiatorum,
681 2026 734 2088 sed
761 2047 815 2108 per
830 2026 926 2088 civilia
942 2047 1024 2088 arma
1039 2029 1130 2092 etiarn

127 2113 240 2179 severis
255 2111 394 2174 Ducibus
409 2127 595 2194 usurpatum.
642 2110 701 2174 His
712 2111 808 2194 copiis
823 2126 922 2174 rector
937 2111 1055 2174 additus
1066 2115 1131 2175 An·
1179 2161 1182 2166 .

126 2201 193 2264 nius
208 2197 324 2273 Gallus,
346 2219 416 2260 oum
434 2195 585 2261 Vestricio
600 2197 752 2281 Spurinnit
778 2197 815 2259 ad
839 2196 1034 2280 occupandas
1051 2195 1129 2262 Padi

127 2287 208 2371 ripas
224 2284 412 2370 premissus:
437 2285 576 2384 quoniam
603 2285 696 2368 prima
720 2283 910 2348 consiliorum
927 2282 1034 2348 frustra
1048 2286 1131 2348 ceci·

128 2375 232 2438 derant
246 2389 430 2454 transgresso
441 2392 505 2456 Jam
522 2371 620 2453 Alpes
635 2369 769 2447 Cecinb,
782 2391 873 2456 quem
889 2370 950 2434 sisti
965 2371 1038 2434 intra
1056 2369 1131 2435 Gal·

126 2461 182 2525 lias
206 2480 295 2544 posse
309 2473 491 2541 speraverat.
537 2457 638 2542 Ipsum
655 2456 809 2520 Othonem
830 2457 1047 2521 comitabantur
1062 2479 1131 2542 spe·

129 2547 294 2611 culatorum
311 2545 388 2608 lecta
404 2563 539 2628 corpora,
563 2565 634 2606 cum
656 2543 764 2607 ceteris
780 2542 930 2608 Pretoriis
944 2545 1130 2621 cohortibus,

128 2633 260 2698 veterani
277 2653 295 2694 e
311 2629 465 2705 Pretorio,
481 2629 673 2694 classicorum
686 2631 791 2712 ingens
807 2651 959 2694 numerare.
1005 2631 1075 2696 Nec
1090 2631 1130 2696 illi

130 2741 222 2803 segne
238 2735 289 2783 aut
310 2734 481 2800 corrnptum
497 2717 571 2780 luxu
587 2717 661 2780 iter:
689 2718 742 2780 sed
759 2715 852 2780 loricis
867 2715 966 2781 secred
980 2740 1052 2782 usus
1074 2733 1130 2795 est,

129 2821 160 2872 et
175 2821 243 2870 ante
266 2807 349 2886 sigua
364 2804 514 2888 pedester,
541 2803 688 2881 horridus,
715 2804 874 2880 inconrus,
900 2803 1047 2891 fameque
1070 2805 1131 2868 dis·

131 2893 243 2958 similis.
284 2949 287 2964 ,

173 2978 246 3044 Xll.
270 2976 489 3040 Blandiebatur
499 2977 606 3062 creptis
618 2975 763 3054 Fortuna,
779 2975 919 3060 possesse
933 2997 987 3061 per
1002 2997 1085 3040 mare
1101 2993 1132 3042 et

130 3086 222 3130 naves
237 3064 351 3150 majore
366 3062 462 3127 ltaliae
485 3080 578 3148 parte,
595 3063 712 3149 penitlrs
726 3085 822 3150 usque
838 3063 876 3126 ad
892 3063 1006 3128 initium
1022 3063 1133 3127 meriti·
1232 3067 1234 3076 ’

129 3174 244 3217 marum
261 3151 404 3235 Alpium:
427 3151 532 3238 quibus
548 3151 697 3216 tentandis
719 3150 989 3234 aggrediendaeqoe
1013 3148 1132 3232 provin·

129 3241 183 3304 cie
200 3237 398 3314 Narbonensi,
426 3237 571 3300 Suedium
599 3236 804 3314 Clementem,
831 3237 993 3300 Antonium
1018 3234 1132 3299 Novel-

128 3327 203 3404 lum,
226 3325 381 3389 AEmilium
398 3323 570 3388 Pacensem
591 3323 696 3388 Duces
719 3325 854 3387 dederet.
901 3323 962 3386 Sed
987 3323 1132 3388 Pacensis
1234 3329 1240 3382 l

105 3422 108 3432 '
129 3435 184 3500 per
198 3412 347 3477 licentiam
364 3411 488 3474 militum
505 3411 637 3474 vinctus:
664 3410 795 3474 Antonio
816 3409 949 3473 Novello
963 3409 1044 3472 nulla
1061 3430 1132 3472 auc·

130 3501 252 3564 toritas:
283 3499 414 3562 Suedius
436 3496 583 3561 Clemens
606 3497 761 3560 ambitioso
787 3495 913 3579 imperio
936 3496 1069 3577 regebat,
1100 3512 1133 3562 ut

131 3585 276 3651 adversita
291 3585 467 3649 modestiam
483 3584 644 3668 discipline
655 3597 821 3666 corruptus,
834 3583 872 3646 ita
888 3583 1052 3666 preliorum
1070 3583 1132 3647 avi-

131 3674 198 3738 dns.
245 3671 314 3736 Non
330 3672 413 3736 ltalia
429 3671 512 3748 adiri,
535 3693 593 3734 nec
617 3671 683 3734 lona
705 3670 795 3733 sedes
818 3689 856 3730 ue
872 3670 972 3752 patrie
989 3669 1132 3733 videban-

131 3778 200 3826 tur:
222 3775 363 3847 tanquam
379 3773 507 3828 externa
519 3757 617 3824 littora
642 3773 672 3822 et
693 3757 782 3822 urbes
797 3691 933 3822 hostiurn
950 3777 1048 3838 urere,
1065 3777 1132 3824 vas·
