2516 4250
134 255 177 319 A.
192 253 232 320 C.
248 255 318 338 69..]
445 252 588 374 literne.
611 253 688 318 Lus.
712 253 904 319 Seccnnvs.
1096 257 1136 320 51

136 435 212 497 tare,
228 439 352 504 rapere:
376 417 568 496 edanensis,
592 417 673 518 qubd
689 419 761 482 nibil
776 439 903 504 usquam
920 419 1071 504 provisum
1083 419 1142 484 ad-

138 506 259 570 versum
283 521 393 570 metus.
438 505 527 570 Pleni
551 507 627 588 agri,
658 525 766 590 aperte
792 506 920 570 domus:
950 521 1142 570 occursantes
1217 515 1230 532 “

138 592 276 658 domini
262 609 351 678 Juxta
374 591 518 678 conjuges
542 609 575 658 et
597 593 706 656 liberos
729 593 887 658 securitate
911 593 993 677 pacis
1013 608 1049 657 et
1071 593 1142 656 belli

137 681 219 744 malo
244 681 567 743 circumveniebantur.
615 677 782 742 Maritimus
811 696 874 744 tum
899 681 995 764 Alpes
1018 679 1143 744 tenebat

137 766 321 830 Procurator
338 765 452 830 Marius
468 763 617 830 Maturus.
662 764 694 829 Is
719 764 838 830 concitit
852 782 941 848 gente
961 765 1039 850 (nec
1055 766 1143 830 deest

132 853 293 952 juventus)
325 873 427 915 arcere
458 853 616 952 provincie
647 851 753 916 finibus
787 851 976 916 Othonianos
1005 852 1141 918 intendit.

138 940 203 1006 Sed
219 941 315 1024 primo
339 938 453 1024 impetu
468 961 536 1002 cest
529 937 729 1023 'disjectique
745 939 887 1016 montani,
906 955 943 1003 ut
957 939 1074 1024 quibua,
1098 953 1143 1004 te-

137 1026 222 1092 mere
237 1026 383 1102 collectis,
395 1048 455 1090 non
470 1041 577 1103 castra,
590 1047 649 1088 non
665 1024 788 1088 Ducem
803 1026 1025 1103 noscitantibus,
1041 1045 1142 1110 neque

130 1115 168 1178 ,in
184 1111 309 1176 victoriis
324 1113 418 1176 decus
433 1127 522 1190 esset,
539 1133 638 1196 neque
654 1112 682 1174 in
698 1110 771 1194 lugi
786 1111 940 1212 flagitium.

116 1241 118 1245 ·
182 1198 273 1264 Xlll.
298 1198 431 1264 lrritatus
446 1221 484 1262 eo
498 1199 600 1284 prelio
611 1197 743 1262 Othonis
759 1198 845 1262 miles
856 1199 944 1262 vertit
955 1198 1016 1262 iras
1031 1197 1061 1260 in
1077 1217 1143 1262 rnu-

136 1287 278 1387 nicipium
295 1287 418 1348 Albium
434 1285 646 1352 Intemeliumr
667 1285 780 1370 quippe
796 1287 825 1349 in
841 1286 907 1348 acie
930 1285 1002 1348 nibil
1019 1285 1142 1368 prede.

137 1374 243 1458 inopes
255 1389 387 1454 agrestes
402 1387 433 1436 et
449 1373 516 1434 vilia
532 1393 634 1436 arma.
656 1393 715 1434 nec
728 1372 795 1455 capi
812 1388 958 1472 peteraut,
971 1371 1078 1454 pernix
1089 1391 1143 1452 ge·

136 1481 194 1524 nus
209 1475 239 1524 et
255 1481 336 1541 gnari
329 1459 507 1522 'zlccorum
537 1458 590 1522 sed
605 1458 848 1522 calamitatibus
841 1459 999 1522 insontium
1016 1457 1140 1540 expleta

137 1545 270 1610 avaritia.
310 1545 407 1610 Auxit
422 1545 563 1608 invidiam
579 1545 727 1643 praeclaro
736 1545 879 1628 exemplo
897 1543 1020 1607 soemina
1036 1541 1141 1624 Ligus,

137 1654 204 1718 que
220 1633 281 1695 filio
297 1631 453 1708 abdito,
422 1653 493 1694 cum
515 1631 603 1694 simul
618 1631 779 1730 pecuniam
792 1630 938 1701 occultari
954 1630 1061 1694 milites
1076 1649 1142 1692 cre·

139 1717 407 1801 decenterque
423 1739 478 1801 per
491 1717 641 1781 cruciatus
656 1717 871 1797 interrogarent
895 1716 964 1781 ‘ubi
980 1716 1073 1778 filium
1089 1735 1143 1778 oc·

136 1804 283 1870 culereti’
307 1819 425 1866 uterum
440 1803 614 1880 ostendens,
632 1801 758 1866 ·'‘latere
782 1802 945 1885 respondit.
991 1799 1060 1864 Nec
1075 1801 1142 1864 ullis

138 1891 251 1955 deinde
277 1890 446 1967 terroribus,
472 1903 526 1953 aut
551 1903 659 1968 morte,
684 1888 881 1953 consentiam
905 1887 986 1952 vocis
1013 1886 1140 1972 egregie

139 1977 278 2042 mutavit.

184 2061 278 2126 XlV.
303 2061 482 2124 ‘Imminere
504 2061 664 2146 provinciae
688 2059 923 2138 Narbonensi,
914 2083 944 2124 m
970 2061 1062 2124 verba
1087 2058 1142 2126 Vi·

130 2148 213 2214 ¹tellii
228 2149 351 2224 adacte,
366 2149 494 2212 classem
510 2147 664 2224 Othonis‚'
677 2145 775 2210 Fabio
788 2145 910 2210 Valenti
926 2148 1034 2233 trepidi
1050 2147 1143 2213 nuntii

139 2234 278 2300 attulere.
323 2235 462 2297 Aderant
490 2234 580 2317 legati
610 2233 807 2310 coloniarum,
834 2235 980 2298 auxilium
1009 2248 1141 2300 orantes.

138 2321 227 2386 Duas
241 2320 434 2404 Tungrorum
450 2320 600 2398 cobortes,
623 2336 750 2405 quatuor
769 2321 905 2405 equitum
929 2335 1052 2397 turmas,
1077 2320 1143 2384 uui·

140 2428 259 2470 versam
274 2406 479 2470 Treverorum
503 2407 582 2470 al'am
604 2427 675 2469 cum
698 2405 781 2470 lulio
800 2405 952 2484 Classico,
980 2405 1141 2488 Prelecto‚

138 2493 236 2558 misit:
261 2494 401 2593 equibus
424 2514 491 2576 pars
516 2493 547 2556 in
570 2491 690 2556 colonia
712 2491 913 2578 Forojuliensi
940 2507 1066 2594 retepta,
1090 2514 1140 2571 ne,

139 2580 278 2644 omnibus
293 2581 386 2664 copiis
410 2579 440 2642 in
466 2594 607 2644 terrestre
623 2580 678 2643 iter
700 2580 803 2655 versis,
830 2601 927 2642 vacuo
943 2579 1015 2642 mari
1038 2579 1142 2644 classis

140 2666 333 2730 acceleraret.
379 2665 553 2730 Duodecim
566 2666 701 2750 equitum
717 2679 833 2741 terme,
846 2680 877 2728 et
892 2665 964 2729 lecti
980 2665 1143 2730 eceborti·

139 2753 207 2830 bus,
231 2751 375 2816 adversus
391 2751 557 2816 hostem
531 2774 612 2815 rere.
643 2753 751 2836 quibus
773 2751 912 2837 adjuncta
929 2751 1075 2851 Ligurum
1090 2773 1144 2816 co-

139 2839 222 2916 hors,
244 2854 329 2902 vetus
344 2839 402 2901 loci
418 2839 572 2916 auxilium,
595 2855 626 2902 et
641 2838 793 2923 quingenti
810 2838 920 2922 Alpini,
943 2861 994 2924 qur
986 2838 1144 2902 'nondum

140 2925 239 2990 sub
217 2925 328 3006 signis.
364 2923 433 2988 Nec
457 2946 541 2988 mora
556 2925 675 3010 prelio.
698 2925 752 2988 sed
776 2925 841 2987 acie
867 2925 906 2989 ita
933 2923 1085 3000 instructa,
1113 2940 1145 2990 ut

140 3031 210 3096 pars
225 3011 430 3088 classicorum,
445 3011 547 3076 mixtis
562 3011 694 3096 paganis,
716 3011 745 3074 io
761 3011 863 3074 colles
860 3011 946 3074 mari
962 3012 1144 3096 propinquos

140 3113 328 3181 exsurgeret,
344 3112 489 3182 quantum
509 3098 585 3162 inter
600 3098 693 3161 colles
709 3119 744 3160 ec
759 3098 839 3162 littus
854 3119 929 3182 aequr
921 3097 1013 3174 loci,
1029 3097 1144 3162 Praeto·

138 3183 239 3248 rianus
254 3185 340 3246 nriles
366 3185 511 3268 expleret,
538 3184 567 3246 in
593 3185 659 3268 ipso
684 3185 758 3250 mari
781 3198 814 3248 ut
840 3205 956 3247 annexa
984 3183 1086 3248 classis
1112 3199 1143 3248 et

163 3291 247 3353 ugne
274 3286 385 3354 parata,
414 3270 562 3334 conversis
587 3286 618 3335 et
643 3271 751 3334 minaci
776 3269 871 3334 fronte
899 3271 1143 3354 praetenderetur.

139 3291 302 3433 l'iretttant
318 3357 458 3457 quibus
452 3357 548 3420 minor
569 3357 745 3441 peditum
719 3379 772 3433 vrs,
796 3357 825 3420 in
853 3357 953 3441 equite
969 3356 1068 3432 robur,
1092 3355 1146 3420 Al·

141 3442 229 3528 picos
241 3443 384 3528 proximis
394 3443 486 3528 jugis,
497 3443 638 3507 cohortes
649 3444 757 3508 densis
763 3445 918 3507 ordinibus
933 3458 999 3542 post
1014 3442 1147 3546 equitem

139 3529 253 3593 locant.
298 3529 505 3593 Treverorum
521 3544 625 3594 turme
641 3529 776 3594 obtulere
792 3552 825 3594 se
842 3529 940 3593 hosti
932 3527 1062 3604 incaute,
1074 3527 1145 3592 crim
1196 3530 1199 3533 ⁴

142 3615 302 3699 exciperet
316 3615 420 3678 contria
432 3631 591 3680 veteranus
606 3617 701 3692 miles,
717 3617 804 3680 simul
820 3637 837 3678 a
852 3617 945 3678 latere
961 3615 1041 3678 saxis
1055 3635 1146 3714 urge:

142 3717 190 3765 ret
205 3716 273 3785 apta
289 3701 326 3762 ad
338 3701 514 3802 jaciendum
530 3703 619 3766 etiam
636 3723 819 3802 paganorum
836 3722 961 3766 manus.
986 3701 1035 3785 qui
1052 3701 1147 3784 sparsi
1245 3727 1246 3736 ¹

142 3788 220 3852 inter
234 3787 353 3908 milites,
377 3788 488 3852 strenui
504 3788 674 3873 ignavique,
697 3788 726 3851 in
743 3785 865 3852 victorii
879 3787 961 3850 idern
984 3786 1146 3850 audebant.
