2516 4250
128 213 172 276 76
469 208 510 274 C.
534 207 643 274 Coau.
666 207 792 274 Trorrt
919 211 974 294 [A.
991 205 1034 272 U.
1051 209 1131 273 822.

126 375 310 456 celebrabat,
326 375 434 439 sectari
456 387 629 438 cantantem
652 372 768 453 solitus,
783 397 844 438 non
861 376 1054 454 necessitate,
1070 375 1133 461 quir

126 464 353 528 honestissimus
390 463 506 547 uisque,
522 462 576 525 sed
593 462 667 525 luxu
682 475 713 526 et
729 463 839 546 saginae
862 464 1050 546 mancipatus
1065 485 1133 526 ern·

127 565 248 636 tusque.
293 548 338 612 Ut
360 485 480 612 Valenti
508 563 539 611 et
563 547 694 612 Caeciuae
718 567 830 612 vacuos
861 549 980 612 honoris
1011 569 1133 613 menses

127 638 268 721 aperiret,
283 636 424 700 coarctati
441 636 565 698 aliorum
589 636 786 714 Consulatus,
804 637 1005 698 dissimulatus
1029 635 1132 700 Martii

129 723 238 800 Macri,
255 739 397 808 tanquam
414 721 655 785 Othonianarum
672 723 800 808 partium
823 722 940 786 Ducis:
965 737 996 786 et
1013 722 1133 786 Valeri-

129 831 180 875 um
197 810 361 886 Marinum,
374 810 554 873 destinatum
568 832 584 872 a
597 809 697 872 Gatbt
713 809 893 887 Consulem,
910 810 1033 886 distulit,
1051 810 1135 873 nulli

129 896 256 974 offensi,
267 898 320 959 sed
336 897 440 959 mitem
456 911 487 958 et
497 895 632 982 injuriam
649 898 779 978 segniter
793 897 933 960 laturum.
979 895 1135 960 Pedanius

129 982 225 1048 Costa
252 985 406 1060 omittitur,
429 985 561 1066 ingratus
579 983 724 1066 Principi‚
749 997 781 1046 ut
807 983 950 1046 adversus
974 982 1132 1046 Neronem

129 1091 230 1147 ausus,
247 1085 277 1134 et
293 1069 426 1150 Verginii
443 1071 671 1133 exstimulatur:
694 1070 748 1132 sed
771 1071 844 1133 alias
869 1070 989 1154 protulit
1003 1091 1131 1133 causas:

129 1171 264 1307 aotoeqpe
279 1157 402 1240 iusuper
417 1155 540 1220 Vitellio
552 1158 663 1238 gratia,
678 1157 898 1220 consuetudine
913 1158 1034 1219 servitii.

173 1243 203 1308 L
239 1243 313 1307 Xll.
338 1243 409 1318 Non
432 1244 509 1306 ultra
533 1265 644 1328 paucos
667 1245 742 1321 dies,
758 1265 929 1329 quanquam
953 1244 1071 1306 aeribus
1086 1241 1134 1306 in-

128 1331 176 1395 tiis
191 1347 338 1416 coeptum,
355 1331 545 1394 mendacium
558 1331 659 1395 valuit.
706 1330 873 1394 Exstiterat
885 1331 1018 1415 quidam,
1030 1337 1039 1368 ‘
1050 1329 1134 1394 Sori-

129 1418 293 1481 bonianum
309 1439 342 1480 se
358 1417 557 1481 Camerinuru
574 1417 683 1494 serens,
699 1417 943 1481 Neronianorum
959 1433 1133 1502 temporum

128 1521 212 1568 metu
230 1505 258 1567 in
276 1503 363 1567 lsrriri
377 1505 572 1581 occultatum,
589 1503 670 1589 qubd
685 1503 746 1568 illic
761 1504 909 1568 clientela
924 1519 955 1568 et
969 1506 1030 1586 agri
1048 1519 1134 1567 vete·

128 1607 196 1655 rum
212 1589 390 1654 Crassorum
408 1613 443 1655 ac
460 1592 587 1654 nominis
610 1590 695 1654 favor
715 1591 880 1654 manebat.²
926 1590 1020 1672 lgitur
1033 1591 1134 1654 deter-

129 1678 342 1764 rimoquoque
357 1679 387 1742 in
404 1694 613 1759 argumentum
631 1677 736 1742 sabula
753 1693 896 1754 assumto,
909 1678 1136 1760 vulgusoredu·

130 1764 195 1834 lttm
210 1779 241 1827 et
257 1766 378 1850 quidam
402 1766 541 1842 militum,
564 1785 663 1828 errore
680 1766 754 1842 veri,
769 1785 822 1827 seu
847 1766 998 1828 turbarum
1025 1764 1137 1842 studio,

128 1853 266 1915 certatim
293 1853 552 1934 aggregabuntur:
576 1852 647 1913 clun
671 1865 838 1935 pertractus
854 1851 892 1913 ad
914 1850 1073 1914 Vitellium
1089 1852 1136 1916 in·

131 1947 371 2022 terrogatusque,
388 1945 395 1974 ⁴
410 1938 546 2022 quisnam
563 1938 732 2001 mortalium
756 1937 858 2016 esset,'
876 1953 1033 2022 postquam
1054 1938 1137 2000 nulla
1242 1983 1243 1994 .

131 2021 217 2086 dictis
233 2024 317 2100 fides,
341 2037 409 2086 eta
434 2021 557 2085 dominu
579 2025 768 2101 noscebatur,
784 2025 958 2088 conditione
981 2023 1135 2106 fugitivus,

131 2111 255 2173 nomine
269 2109 362 2184 Geta,
371 2126 502 2172 sumtum
515 2110 553 2170 de
563 2131 601 2171 eo
611 2112 793 2193 supplicium
802 2111 943 2172 servilem
955 2111 984 2171 in
998 2111 1134 2173 modum.

138 2221 139 2226 ¹
175 2191 330 2258 LXXlll.
353 2194 416 2257 Vix
432 2195 576 2258 credibile
589 2212 753 2260 memoratu
766 2211 823 2273 est,
834 2211 978 2280 quantum
988 2195 1135 2280 superbia

132 2283 337 2366 socordiaque
352 2280 477 2346 Vitellio
503 2282 681 2360 adoleverit,
705 2297 864 2384 postquam
888 2284 1093 2368 speculatores
1117 2305 1136 2346 e

132 2367 224 2454 Syria
237 2367 416 2452 Juuaeaque,
433 2369 591 2442 ‘adactum
615 2370 644 2432 in
662 2371 752 2432 verba
768 2391 833 2456 eJus
848 2368 1019 2432 Orientem'
1036 2370 1137 2432 nunti·

132 2455 235 2521 avere.
282 2453 373 2532 Nam,
390 2456 445 2518 etsi
465 2457 547 2537 vagis
570 2456 669 2519 adbuc
692 2471 723 2520 et
738 2457 858 2520 incertis
874 2457 1055 2534 auctoribus,
1071 2469 1137 2521 erat

131 2553 233 2608 tamen
250 2543 279 2604 in
295 2563 348 2604 ore
368 2541 508 2627 famisque
524 2541 739 2626 Vespasianus,
763 2565 799 2608 ac
823 2544 1001 2630 plerumque
1025 2544 1063 2606 ad
1073 2565 1134 2607 no·

132 2648 203 2694 men
220 2629 285 2714 ejus
304 2627 445 2692 Vitellius
467 2631 665 2693 excitabatur.
710 2627 793 2694 'I'um
818 2633 894 2715 ipse,
910 2631 1135 2715 exercitusque,

132 2725 165 2780 ut
182 2717 265 2779 nullo
281 2716 398 2793 aemulo,
412 2717 537 2794 *sevitia
553 2718 687 2795 libidine,
703 2735 801 2803 raptu,
817 2720 846 2782 in
869 2733 1013 2782 externos
1035 2737 1135 2782 mores

133 2818 342 2890 proruperant.

177 2887 331 2954 LXXIV.
356 2888 397 2954 Et
411 2888 616 2974 Vespasianus
632 2890 744 2955 bellum
761 2913 916 2977 armaque,
926 2905 956 2955 et
969 2891 1072 2976 procul
1086 2891 1136 2954 vel

130 2976 219 3064 juxta
233 2978 303 3039 sitas
318 2977 404 3053 vires,
415 2978 696 3062 circumspectabat.
742 2977 833 3042 Miles
847 2981 901 3062 ipsi
915 2979 992 3042 aded
1005 2993 1135 3062 paratus,

133 3079 168 3128 ut
185 3079 368 3146 praeeuntem
392 3081 625 3140 sacramentum,
648 3079 678 3129 et
693 3064 789 3128 fausta
804 3065 929 3128 Vitellio
951 3069 1051 3129 omnia
1068 3085 1137 3149 pre·
1242 3097 1243 3100 ¹

134 3165 267 3227 cantem,
283 3171 337 3234 per
348 3151 498 3213 silentium
515 3149 674 3214 audierint.
710 3151 844 3216 Muciani
861 3155 977 3216 animus
989 3175 1045 3216 nec
1057 3151 1136 3215 Ves-

133 3238 260 3387 pasiano
278 3237 404 3313 alienus,
421 3253 450 3299 et
467 3238 495 3300 in
511 3237 616 3316 Titutp
636 3240 766 3323 pronior.
813 3239 979 3304 Praefectus
995 3239 1135 3322 AEgypti,

167 3325 276 3387 iberius
300 3324 486 3400 Alexander,
508 3326 630 3387 consilia
654 3327 831 3391 sociaverat.
877 3326 1014 3390 Tertiam
1043 3327 1136 3410 legio·

133 3428 216 3487 nem,
232 3409 312 3495 qudd
329 3432 347 3472 e
364 3409 455 3493 Syriai
466 3411 495 3472 iu
508 3409 650 3474 Moesiam
668 3411 832 3490 transisset,
843 3435 927 3475 suarn
939 3415 1134 3476 numerabat:

133 3513 243 3563 cetera
268 3496 376 3580 lllyrici
401 3497 535 3580 legiones
565 3515 713 3563 secutura
739 3501 947 3583 sperabantur.
994 3500 1138 3584 Namque

132 3603 238 3649 omnes
254 3585 405 3647 exereitus
416 3583 621 3650 flammaverat
633 3587 800 3668 arrogantia
811 3587 994 3650 venientium
1008 3607 1024 3650 a
1039 3583 1137 3648 Vitel-

128 3671 173 3736 lio
190 3672 338 3751 militum3
361 3671 441 3756 qndd
459 3687 558 3736 truces
573 3693 710 3758 corpore,
723 3674 832 3737 horridi
845 3693 996 3749 sermone,
1007 3687 1136 3751 ceteros,

132 3773 165 3824 ut
180 3759 321 3844 impares,
338 3758 511 3823 irridebant.
557 3759 620 3823 Sed
637 3762 666 3823 in
682 3759 856 3825 tantbmole
874 3761 944 3826 belli
958 3761 1138 3846 plerumque
