2556 4446
129 447 197 516 ete
474 439 516 522 C.
537 439 646 506 com.
668 437 794 506 Ttorrr

133 607 202 676 Diis
216 611 334 692 genitos
348 624 511 689 sacrosque
526 603 643 686 Reges,
658 603 737 668 inter
751 622 826 688 quos
841 605 993 666 neminem
1008 601 1139 666 causidi·

133 716 250 772 eorum,
265 692 319 760 sed
335 692 460 778 Orphea
476 711 512 754 ac
527 689 649 766 Linum,
665 712 713 769 ac,
727 691 751 754 si
767 688 961 772 introspicere
980 687 1069 752 altius
1085 709 1139 756 ve·

133 781 181 861 lis,
197 782 297 865 ipsum
312 779 486 862 Apollinem
499 776 689 861 accepimus:
714 777 774 853 vel,
784 775 808 838 si
824 776 889 838 haeo
902 774 1035 838 sabulosa
1049 775 1139 848 nimis

135 881 168 932 et
193 867 362 952 composita
386 865 537 942 videntur,
560 863 633 926 illud
657 862 739 927 eert'b
766 862 838 925 milri
864 861 1018 938 concedis,
1041 861 1139 947 Aper,

134 975 196 1020 non
218 955 364 1018 minorem
380 951 526 1016 honorem
542 948 689 1025 Homero,
713 949 803 1034 quiam
819 948 1034 1025 Demostheni,
1058 947 1140 1033 apud

134 1056 289 1128 posteros:
313 1059 371 1102 uec
393 1037 612 1118 angustioribus
636 1037 770 1101 terminis
790 1033 900 1100 samam
918 1033 1072 1118 Euripidis
1086 1048 1140 1102 aut

137 1125 310 1212 Sophoclis,
331 1125 421 1210 quam
438 1124 539 1207 Lysiae
555 1139 607 1188 aut
623 1122 801 1208 Hyperidis,
815 1122 948 1186 includi:
969 1121 1071 1206 plures
1085 1121 1141 1186 bo'-

136 1213 186 1280 die
211 1213 356 1298 reperies,
381 1213 431 1298 qui
447 1210 605 1276 Ciceronis
620 1211 756 1296 gloriam,
772 1209 861 1294 quiem
879 1210 928 1294 qui
943 1206 1072 1291 Virgilii,
1087 1207 1142 1272 da·

136 1313 280 1368 trectent.
326 1297 395 1362 Nec
411 1299 489 1363 ullus
504 1299 598 1368 Asinii
614 1313 665 1362 aut
681 1295 823 1360 Messalae
845 1296 922 1360 liber
943 1309 1005 1358 tam
1021 1294 1142 1360 illustris

136 1400 194 1462 est,
232 1385 300 1448 naim
314 1383 429 1448 Medea
444 1383 558 1460 Ovidii,
573 1399 624 1448 aut
637 1382 721 1448 Varii
735 1383 902 1466 Thyestes.

182 1408 276 1536 Xitl.
299 1470 350 1534 Ao
365 1491 403 1534 ne
420 1468 567 1534 fortunam
580 1470 702 1553 quidem
718 1483 832 1545 vatum,
844 1484 876 1532 et
889 1467 962 1532 illud
979 1467 1143 1534 lelix'cott-

137 1557 320 1636 tubernium,
335 1577 511 1640 cornparare
527 1556 675 1620 timuerim
691 1577 762 1618 cum
777 1554 913 1640 inquietb
923 1569 955 1618 et
969 1553 1060 1618 auxii
1073 1575 1144 1618 cra·

137 1659 237 1716 torum
253 1641 325 1708 nith
370 1641 461 1706 Licet
476 1643 542 1706 illos
556 1642 720 1706 certamina
735 1655 766 1706 et
786 1642 919 1726 pericula
934 1663 988 1704 sua
1004 1642 1042 1706 ad
1058 1640 1144 1708 Con·

137 1733 253 1800 eulatus
264 1731 440 1795 erexerint:
463 1730 543 1794 malo
553 1751 693 1792 securum
705 1743 736 1792 et
750 1743 901 1792 secretum
915 1727 1032 1811 Virgilii
1044 1749 1145 1794 seces·

139 1839 218 1896 sum,
245 1819 352 1903 inquo
375 1831 476 1880 tamen
492 1838 592 1901 neque
612 1816 693 1899 apud
719 1815 834 1878 Divum
852 1815 1024 1898 Augustum
1049 1814 1145 1897 gratid

139 1907 247 1982 caruit,
272 1925 373 1989 neque
396 1903 474 1987 apud
500 1903 655 1986 Populum
669 1900 845 1966 Romanum
870 1901 986 1966 notitid.
1031 1899 1144 1984 Testes

140 1991 270 2075 Augusti
286 1991 432 2072 epistole,
447 1991 530 2054 testis
545 1991 610 2073 ipse
626 1989 766 2074 populus,
782 1989 843 2074 qui,
859 1989 966 2052 auditis
980 1989 1010 2052 in
1026 1989 1146 2055 theatro

141 2078 277 2142 versibus
301 2074 431 2158 Virgilii,
459 2077 590 2144 surrexit
611 2076 777 2152 uniuersus,
803 2092 834 2140 et
862 2074 939 2140 sorte
965 2087 1144 2159 presentent

139 2175 390 2248 spectantemque
404 2159 563 2243 Virgilium
586 2169 745 2224 veneratus
769 2175 815 2226 est
841 2163 895 2238 sic,
917 2163 1001 2247 quasi
1024 2163 1146 2244 Augus-

142 2261 218 2320 tum.
254 2247 305 2312 Ne
321 2247 428 2310 nostris
440 2247 561 2332 quidem
576 2249 773 2330 temporibus,
787 2247 947 2313 Secundus
959 2247 1147 2332 Pomponius

142 2333 220 2408 Alco
234 2333 371 2399 Domitio
382 2333 430 2396 vel
446 2334 590 2415 dignitate
604 2335 680 2410 vitae,
693 2335 741 2398 vel
755 2335 955 2418 perpetuitate
968 2334 1146 2412 summoss-

142 2423 224 2492 aerir.
270 2421 351 2488 Nam
364 2418 496 2505 Crispus
511 2435 543 2486 et
558 2419 733 2498 Marcellus,
745 2421 782 2484 ad
820 2443 926 2486 uorum
942 2421 1083 2506 exempla
1094 2442 1146 2486 me

142 2529 244 2585 rocas,
271 2508 341 2594 quid
359 2509 471 2572 hahent
493 2508 523 2572 in
552 2508 608 2571 bac
633 2506 688 2570 suri
705 2506 822 2570 fortuna
844 2507 1146 2590 concupiscendum?

142 2617 181 2668 rur
195 2595 278 2680 qudd
303 2596 431 2660 timenti
458 2615 495 2658 an
511 2593 591 2678 quhd
608 2595 771 2658 timentur?
788 2593 894 2678 ‘qudd,
918 2593 989 2656 cirrn
1013 2594 1146 2679 quotidie

144 2681 255 2766 aliquid
272 2695 423 2761 rogentur,
451 2680 493 2755 hi,
520 2680 627 2764 quibus
649 2693 799 2762 prestant,
825 2679 1041 2762 indignantur?
1064 2679 1147 2766 qubd

144 2766 256 2848 alligati
282 2765 465 2840 adulatione,
489 2787 546 2826 nec
570 2765 792 2848 imperantibus
815 2786 947 2850 unquam
974 2765 1046 2830 satis
1068 2767 1148 2834 servi

144 2851 293 2927 ridentur,
309 2871 367 2912 neo
382 2850 466 2914 nohis
485 2847 556 2914 satis
572 2851 677 2915 liberii
715 2849 795 2926 Quae
809 2851 876 2926 ‘beo
897 2874 1016 2916 summa
1042 2875 1148 2920 eorum

145 2938 278 3026 potentia
295 2937 361 3000 est?
382 2950 500 3002 tantum
518 2959 605 3022 posse
626 2938 722 3003 liberti
743 2939 853 3004 solem.-
895 2939 949 3004 Ma
966 2938 1038 3004 verb
1062 2939 1149 3004 ‘dul-

144 3023 218 3102 ces,'
235 3039 269 3088 ut
286 3021 429 3108 Virgilius
444 3025 495 3102 ait,
511 3024 652 3103 ιΜυεωξ
669 3042 817 3091 remotum
834 3047 850 3088 a
865 3027 1101 3092 solicitudinibus
1115 3039 1148 3092 er

145 3112 234 3190 euris,
244 3127 275 3177 et
290 3112 467 3176 necessitate
480 3113 611 3196 quotidie
622 3113 734 3196 aliquid
747 3129 850 3176 contra
862 3114 993 3176 animum
1007 3113 1148 3191 faciendi,

145 3201 175 3266 in
190 3201 348 3276 illa-sacra,
359 3199 484 3283 illosque
502 3199 597 3262 sontes
610 3197 722 3262 lerant:
744 3221 802 3262 nee
814 3200 950 3264 insanum
966 3199 1042 3264 ultrri
1056 3215 1087 3266 et
1101 3200 1149 3264 lu·

145 3287 259 3354 bricum
276 3285 372 3350 lorum
387 3283 556 3370 seruamque
573 3285 734 3368 pallentem
748 3287 881 3370 trepidus
892 3287 1042 3370 experiar.
1074 3285 1148 3350 Non

144 3396 195 3440 me
208 3373 341 3438 lrenritus
353 3373 557 3448 salutantium,
567 3393 623 3434 nec
633 3373 775 3436 anhelans
788 3374 910 3436 libertus
922 3375 1054 3436 excitet:
1078 3394 1148 3451 nec,

144 3461 276 3528 incertus
292 3461 392 3536 lutari,
402 3474 613 3524 testamentum
630 3481 684 3543 pro
700 3459 824 3542 pignore
839 3461 986 3524 scribam:
1011 3481 1068 3523 uec
1080 3461 1149 3544 plus

144 3547 284 3623 habeam,
308 3547 397 3632 quiam
415 3546 495 3632 quod
512 3546 643 3629 possim,¹
657 3547 706 3625 cui
724 3546 825 3622 velim,
850 3546 1028 3631 relinquere,
1052 3567 1150 3630 quan-

146 3631 317 3718 documque
334 3632 429 3698 fatalis
452 3647 483 3696 et
507 3653 593 3696 meus
608 3633 673 3696 dies
690 3633 808 3696 veniet:
832 3649 1004 3718 statuarque
1020 3633 1148 3712 tumulo,-

145 3739 204 3782 uon
223 3734 347 3782 moestus
363 3735 394 3784 et
409 3735 506 3795 atrox,
522 3720 576 3782 sed
601 3719 699 3782 hilaris
718 3735 747 3784 et
763 3735 939 3783 coronatus:
964 3733 996 3782 et
1013 3741 1067 3804 pro
1083 3739 1150 3784 nte·

145 3803 240 3868 morib
256 3805 314 3865 mei
331 3826 387 3867 nec
399 3807 535 3868 consulat
551 3806 718 3890 quisquam,
735 3828 791 3869 nec
803 3823 898 3890 roget.

189 3885 282 3952 XlV.
308 3884 444 3952 Vixdum
461 3891 575 3955 linierat
594 3891 761 3968 Maternus,
775 3894 942 3958 concitatus
957 3907 988 3956 et
1004 3893 1088 3958 velut
1103 3893 1150 3956 in-

16 4022 26 4045 ,
145 3975 281 4064 stinctus,
303 3972 373 4035 oiun
392 3973 556 4058 Vipstanus
577 3977 708 4054 Messala
725 3975 897 4046 cubiculum
914 3979 980 4066 ejus
998 3980 1151 4064 ingressus
