2516 4250
92 241 129 304 A.
147 237 271 322 C.69.]
361 237 504 304 Hrsnon.
528 235 603 302 Lm.
629 239 821 305 Sncunnus.
1041 241 1087 304 59

91 405 240 470 Caecinam
252 403 452 481 inclinabant;
467 425 560 488 super
570 404 785 485 benignitatem
798 403 900 480 animi,
913 403 974 490 quai
985 425 1087 488 prorn-

90 494 143 556 tior
158 492 333 566 habebatur,
350 491 440 553 etiam
457 491 560 572 vigore
576 493 680 566 aetatis,
705 492 884 573 proceritate
899 492 1032 575 corporis
1055 505 1086 556 et

90 580 215 665 quodam
239 579 319 640 inani
335 576 449 640 favore.
495 574 578 640 Hinc
601 577 750 641 aemulatio
766 577 915 640 Ducibus.
961 577 1086 641 Cacina

90 673 141 730 ‘ut
158 664 272 729 soedum
295 679 326 726 et
351 663 537 726 maculosum
548 663 568 726 :'
591 663 642 726 ille
658 671 713 726 ‘ut
730 685 839 726 vanum
863 685 899 727 ac
915 665 1089 743 tumidumss,

89 753 257 816 irridebant.
305 751 367 814 Sed
390 749 512 814 condito
534 750 614 828 odio,
631 751 759 812 eandem
787 751 944 813 utilitatem
972 751 1086 829 lovere,

89 839 196 904 crebris
212 839 356 922 epistolis,
373 837 436 899 sine
452 850 592 920 respectu
606 837 711 914 venia,
731 838 838 921 probra
853 837 968 900 Othoni
984 837 1088 926 objec-

90 939 198 990 tantes:
223 925 293 988 otim
318 923 423 1004 Duces
444 923 572 1006 partium
599 921 743 999 Othonis,
769 925 905 1008 quamvis
936 923 1088 989 uberrima

88 1012 289 1076 conviciorum
303 1013 332 1072 in
350 1009 506 1073 Vitellium
523 1009 659 1086 materib,
675 1010 867 1074 abstinerent.

33 1127 34 1166 3
130 1097 257 1164 XXXI.
284 1097 365 1161 Sane
382 1110 451 1160 ante
467 1093 988 1183 utriusqueexitum,quoegregiam
1002 1097 1088 1162 Otho

34 1201 35 1204 ’
88 1185 206 1262 famam,
222 1183 364 1246 Vitellius
391 1183 662 1266 flagitiosissimam,
686 1185 837 1260 meruere,
856 1185 954 1248 minsis
972 1183 1087 1250 Vitellii

88 1274 201 1356 ignavae
217 1271 399 1356 voluptates,
424 1269 513 1356 quiam
537 1268 668 1332 Othonis
693 1270 927 1353 flagrantissima
950 1271 1088 1337 libidines

88 1359 281 1422 timebantur.
328 1357 495 1421 Addiderat
511 1356 581 1420 huic
597 1370 739 1420 terrorem
757 1372 847 1442 atque
863 1357 964 1421 odium
988 1358 1087 1424 cedes

88 1445 192 1510 Galba
205 1467 214 1522 ;
237 1443 343 1508 contra
352 1443 391 1506 illi
408 1443 525 1508 initium
536 1442 607 1506 belli
619 1463 709 1506 nemo
721 1444 899 1527 imputabat.
946 1443 1090 1509 Vitellius

76 1547 192 1607 ¹ventre
207 1545 237 1595 et
254 1529 326 1613 gulia
340 1530 395 1592 sibi
410 1529 476 1614 ipse
488 1529 603 1608 hostis3
626 1528 711 1593 Otho
722 1531 808 1606 luxu,
818 1529 942 1615 sevitia,
952 1531 1088 1610 audaciis,

89 1618 277 1704 Reipublicae
301 1617 455 1680 exitiosior
480 1616 656 1680 ducebatur.
702 1615 881 1701 Conjunctis
899 1616 1029 1682 Cecinae
1053 1639 1089 1682 ao

88 1704 224 1769 Valentis
249 1705 355 1787 copiis,
382 1703 465 1767 nulla
488 1701 566 1766 ultrb
588 1723 684 1787 penes
706 1700 885 1766 Vitellianos
902 1725 995 1780 mora,
1016 1705 1088 1792 quin

87 1793 156 1856 totis
172 1792 284 1855 viribus
299 1804 460 1852 certarent.
506 1787 591 1851 Otho
608 1789 799 1866 consultavit,
815 1790 891 1853 trahi
908 1789 1032 1868 bellum,
1049 1811 1088 1856 an

88 1879 237 1944 fortunam
268 1877 398 1959 experiri
426 1876 571 1960 placeret.
616 1874 699 1939 Tum
729 1875 892 1941 Suetonius
930 1876 1087 1954 Paulinus,

88 1966 210 2048 dignum
233 1962 313 2028 samia
327 1961 383 2028 sub
404 1977 496 2040 ratus,
512 1961 573 2048 qud
589 1983 680 2027 nemo
695 1961 747 2027 illa
761 1977 940 2047 tempestate
956 1965 1090 2030 militaris

88 2053 129 2117 rei
144 2051 281 2116 callidior
297 2050 472 2126 habebatur,
488 2048 526 2112 de
542 2062 606 2112 toto
621 2071 732 2132 genere
749 2049 818 2113 belli
834 2071 971 2129 censere,
987 2049 1090 2116 ‘sesti-

89 2140 241 2204 uationem
258 2137 403 2214 hostibus,
419 2157 533 2199 moram
550 2136 621 2220 ipsis
636 2135 752 2200 utilem’
768 2137 916 2200 disseruit.

133 2223 281 2291 XXXlt.
306 2222 505 2288 ‘Exercitum
519 2220 633 2288 Vitellii
646 2224 817 2286 universum
830 2224 1006 2288 advenisse:
1031 2243 1090 2288 neo

90 2312 218 2377 ruultum
235 2311 340 2374 virium
358 2332 374 2372 a
390 2324 486 2392 tergo,
503 2309 643 2396 quoniam
668 2309 774 2375 Gallie
790 2324 937 2386 tumeant,
954 2324 984 2373 et
1000 2309 1089 2373 dese·

88 2419 152 2464 rere
176 2397 282 2462 Rheni
306 2397 411 2478 ripam,
428 2395 581 2480 irrupturis
604 2409 665 2460 tam
693 2395 806 2459 infestis
831 2397 1010 2472 nationibus,
1028 2417 1089 2462 non

88 2485 256 2549 conducat:
290 2482 497 2547 Britannicum
521 2482 646 2546 militem
670 2482 755 2547 hoste
784 2498 815 2547 et
841 2484 913 2546 mari
937 2483 1088 2549 distineri:

90 2571 253 2656 Hispanias
269 2571 358 2634 armis
374 2591 432 2632 non
449 2569 488 2632 ita
501 2568 689 2634 redundare:
715 2569 898 2653 provinciam
911 2567 1092 2635 Narbonen-

90 2680 152 2723 sem
169 2659 289 2722 incursu
301 2656 403 2719 classis
415 2671 446 2720 et
457 2655 584 2718 adverso
595 2655 695 2739 prelio
706 2657 940 2722 contremuisse:
957 2657 1091 2721 clausam

90 2746 230 2828 Alpibus,
247 2757 278 2807 et
294 2743 375 2805 nullo
403 2742 491 2806 maris
517 2742 661 2818 subsidio,
687 2741 937 2826 Transpadaoam
959 2742 1091 2820 ltaliam,

91 2846 181 2918 atque
198 2831 263 2914 ipso
286 2831 408 2894 transitu
432 2827 584 2894 exercitiis
601 2846 735 2894 vastam:
760 2851 819 2893 uon
843 2827 1024 2893 frumentum
1042 2849 1092 2892 us·

113 2939 182 2982 uam
199 2916 357 2992 exercitui,
373 2935 429 2979 neo
452 2915 619 2978 exereitum
647 2916 712 2978 sine
735 2915 831 2998 copiis
849 2915 969 2980 retineri
990 2935 1091 3000 posse.

91 2940 161 3068 iam
178 3002 360 3078 Germanos,
377 3000 456 3088 quod
473 3021 567 3081 genus
583 3000 707 3063 militum
731 3001 812 3086 apud
829 3003 929 3064 hostes
945 3002 1092 3065 atrocissi-

92 3113 175 3156 mum
198 3090 247 3166 sit,
263 3102 358 3152 tracto
374 3088 403 3152 iu
419 3100 551 3153 estatem
575 3086 666 3164 bello,
683 3086 773 3152 fluxis
794 3089 979 3172 corporibus,
996 3101 1093 3153 muta·

92 3179 205 3242 tionem
220 3175 275 3240 soli
285 3173 415 3262 coelique
432 3172 513 3237 haud
528 3173 715 3238 toleraturos.
761 3173 860 3239 Multa
875 3175 966 3251 bella,
976 3175 1091 3260 impetu

33 3289 34 3300 *
93 3262 202 3340 valida,
220 3283 273 3346 per
288 3262 376 3328 tedia
386 3267 419 3322 'et
435 3281 532 3324 moras
556 3261 725 3326 evanuisse.
771 3260 889 3328 Contra
903 3262 975 3346 ipsis
990 3263 1092 3328 omnia

94 3351 236 3436 opulenta
257 3362 288 3412 et
303 3348 381 3413 lida:
407 3346 606 3424 Pannoniam,
623 3345 778 3426 Moesiam‚
801 3347 998 3425 Dalmatiam,
1021 3347 1093 3414 Ori·

94 3451 208 3513 entem,
227 3457 297 3500 cum
321 3434 443 3517 integris
465 3434 666 3511 exercitibus3
689 3435 805 3500 ltaliam
828 3449 859 3499 et
881 3450 972 3519 caput
994 3455 1093 3502 rerum

93 3519 1092 3611 urbem:SenatumqueetPopulum,nunquamobsouranomina,
1143 3540 1146 3548 ·

95 3611 149 3674 etsi
165 3608 326 3695 aliquando
348 3607 585 3687 obumbrantur3
609 3607 743 3690 publicas
766 3609 955 3697 privatasque
971 3629 1046 3692 opes
1062 3625 1093 3676 et

94 3696 271 3762 immensam
296 3695 466 3778 pecuniam,
490 3694 566 3758 inter
581 3694 685 3759 civiles
703 3696 865 3760 discordias
890 3695 968 3760 serto
991 3695 1094 3760 validi·

94 3803 199 3862 otern3
222 3801 349 3868 corpora
365 3779 490 3847 militum
503 3794 554 3848 aut
569 3779 660 3848 Italia
676 3797 771 3864 sueta,
787 3797 838 3850 aut
850 3782 987 3848 astibus:
1011 3781 1094 3873 obja-
