2514 4318
401 247 446 290 os
469 192 628 290 Mortuus
651 224 850 290 Grntrarnn.
1062 225 1128 292 205

130 389 231 454 virtuti
246 388 305 452 oris
326 389 475 453 habiturn.
521 389 624 474 Super
644 391 822 473 sanguinem
838 405 869 454 et
884 389 978 474 spolia
993 391 1131 456 revelent

130 476 270 554 frontem,
286 497 380 560 seque
396 484 479 540 ‘tum
497 476 619 538 demum
637 478 732 560 pretia
745 477 887 560 nescendi
904 477 1048 552 retulisse,
1065 478 1131 560 dig·

128 585 245 648 uosque
260 563 406 648 patritiae
423 563 604 647 parentibus'
623 563 730 627 lerunt.
776 563 897 646 lguevis
912 577 944 626 et
960 563 1132 630 imbellibus

130 663 233 714 manet
247 650 380 735 squalor.
426 647 623 714 Fortissimus
646 651 772 735 quisque
789 650 917 713 ferreum
941 651 1065 734 insuper
1079 671 1133 714 en·

128 737 235 800 nulum
261 737 507 820 (ignominiosum
538 737 567 799 id
599 737 696 821 gentil
729 738 811 801 velut
837 737 991 800 vinculum
1023 752 1132 820 gestet,

129 823 227 887 donee
250 845 283 886 se
306 824 389 886 caede
412 824 506 888 hostis
529 823 674 886 absolvat.
720 821 862 887 Plurimis
889 823 1050 888 Cattorum
1082 825 1132 890 bic

130 910 376 994 placetbabitus.
421 909 553 996 Jamque
568 925 678 975 canent
693 910 835 992 insignes,
852 925 883 974 et
899 911 1034 975 hostibus
1042 911 1133 976 simul

129 997 251 1082 suisque
267 997 433 1060 monstrati.
479 997 624 1059 Omnium
650 1019 744 1080 penes
767 999 822 1061 hos
845 999 925 1062 initia
942 1019 1132 1082 pugnarum:

129 1083 196 1147 hec
212 1085 307 1168 prima
322 1105 445 1166 semper
460 1085 550 1159 acies,
574 1084 637 1146 visu
661 1099 763 1148 torva:
787 1107 856 1148 nam
873 1105 912 1148 ne
928 1085 956 1147 io
975 1105 1050 1169 pace
1066 1086 1133 1169 qui·

129 1170 201 1234 dem
218 1171 301 1234 vultu
325 1171 442 1234 mitiore
466 1185 689 1235 mansuescunt.
735 1170 818 1235 Nulli
843 1172 961 1249 domus,
977 1187 1029 1234 eut
1051 1193 1133 1254 ager,

130 1271 181 1320 sut
196 1258 294 1356 alipua
306 1277 397 1320 cure:
421 1271 510 1342 prout
525 1258 562 1320 ad
586 1279 740 1343 quemque
755 1258 877 1336 vendre,
901 1259 1039 1322 aluntur:
1064 1279 1133 1342 pro·

129 1343 191 1426 digi
204 1343 305 1420 alieni,
321 1358 525 1407 contemtores
539 1344 584 1406 sui
599 1367 607 1406 ε
630 1345 729 1409 donec
740 1345 903 1428 exsanguis
918 1359 1060 1408 senectus
1072 1360 1134 1409 tam

129 1429 211 1494 durae
227 1431 325 1495 virtuti
341 1431 474 1514 impares
489 1430 589 1492 saciat.

134 1565 136 1572 .
173 1513 317 1580 XXXll.
341 1516 479 1580 Proximi
501 1516 599 1579 Cattis
629 1530 745 1578 certum
768 1515 841 1602 jam·
856 1515 945 1578 alveo
974 1513 1134 1595 Rhenum,

129 1603 242 1688 quique
258 1603 402 1666 terminus
417 1623 484 1666 esse
507 1602 646 1678 sufficiat,
669 1601 770 1684 Usipii
793 1623 829 1664 ec
851 1575 997 1664 Tenctdri
1017 1602 1134 1666 colunt.

126 1689 284 1765 Tencteri,
299 1709 390 1772 super
401 1689 521 1751 solitum
533 1688 678 1757 bellorum
691 1688 795 1762 decus,
808 1688 954 1772 equestris
970 1688 1134 1771 discipline

57 1780 61 1786 '
130 1789 195 1838 erte
219 1774 400 1858 precellunt.
456 1773 524 1836 Nec
548 1773 643 1860 major
665 1774 744 1858 apud
769 1771 877 1838 Cattos
900 1774 1036 1858 peditum
1059 1775 1134 1852 laus,

129 1860 221 1945 quim
238 1859 399 1923 Tencteris
419 1861 588 1945 equiturn.x
612 1859 664 1923 Sic
686 1861 840 1926 instituere
863 1860 1003 1946 majores,
1021 1861 1137 1945 posteri

130 1944 304 2010 imitamur.-
339 1945 382 2010 lli
404 1947 486 2010 lusus
508 1946 676 2025 infantium,
703 1948 769 2012 hcc
794 1950 943 2032 juvenum
973 1947 1134 2027 emulatio,

60 2086 64 2092 .
131 2045 327 2117 perseverant
341 2054 446 2097 senes:
470 2034 548 2096 inter
570 2031 713 2097 familiam
729 2050 760 2098 et
780 2033 915 2098 Penates
930 2048 961 2098 et
980 2033 1050 2121 jura
1065 2055 1136 2100 suc·

129 2119 300 2184 cessionum
323 2121 393 2206 equi
419 2120 596 2184 traduntur:
620 2122 735 2206 excipit
759 2122 847 2199 lilius,
874 2144 946 2197 non,
962 2136 996 2186 ut
1020 2137 1134 2202 cetera,

130 2206 282 2269 maximus
297 2222 380 2282 natu,
395 2207 449 2270 sed
466 2221 554 2290 prout
571 2206 655 2270 ferox
672 2207 799 2270 bellust
816 2208 931 2271 melior.

175 2290 334 2356 XXXlll.
357 2293 452 2358 Juxta
468 2276 639 2356 Tenedos
660 2282 798 2357 Bructdri
819 2295 891 2360 olim
915 2294 1134 2358 occurrebant:

129 2399 211 2444 nunc
226 2373 400 2444 Chaminos
416 2394 448 2444 et
464 2379 660 2463 Angrivarios
676 2377 862 2464 immigrdsse
877 2397 1022 2458 narretur,
1044 2381 1136 2466 pulsis

129 2464 285 2530 Bructeris
300 2487 336 2529 ac
352 2467 471 2551 penitus
487 2467 608 2544 excisis,
621 2467 785 2531 vicinarum
797 2489 946 2532 consensu
959 2468 1135 2532 nationumt

129 2573 183 2616 seu
200 2552 346 2636 superbie
369 2553 450 2633 odio,
471 2575 524 2618 seu
548 2554 653 2639 prede
677 2554 849 2632 dulcedine,
865 2577 919 2618 seu
942 2553 1044 2618 lavore
1061 2576 1136 2640 quo·

130 2639 200 2702 dam
214 2659 288 2719 erga
302 2661 358 2704 nos
373 2639 533 2704 Deorum:
558 2661 627 2703 narn
651 2661 690 2704 ne
706 2642 881 2726 spectaculo
897 2642 1019 2727 quidem
1043 2641 1136 2724 praelii

129 2725 286 2788 invidere:
307 2747 399 2809 super
420 2727 577 2810 sexaginta
601 2727 705 2804 millia,
728 2749 788 2790 non
813 2729 902 2789 ermis
925 2729 1053 2812 telisque
1069 2726 1136 2791 Ro-

130 2813 237 2889 manis,
254 2812 319 2889 sed,
336 2812 417 2897 quod
440 2813 679 2894 magnificentius
695 2827 752 2890 est,
768 2813 962 2875 oblectationi
978 2814 1137 2897 oculisque

130 2898 318 2962 ceciderunt.
363 2897 501 2975 Maneat,
525 2919 641 2983 quaeso,
671 2899 820 2982 duretque
849 2897 999 2980 gentibus,
1029 2899 1136 2962 sinon

130 3005 216 3048 amor
230 2984 332 3059 nostri,
352 2997 382 3046 at
402 2984 486 3047 certe
513 2985 616 3046 odium
640 2984 704 3046 sui:
725 2984 860 3068 quando,
878 2984 1053 3064 urgentibus
1073 2983 1137 3046 Im·

131 3071 206 3156 perii
222 3068 297 3146 satis,
321 3070 394 3132 nihil
412 3069 476 3156 jam
494 3084 634 3155 prestare
655 3067 774 3134 fortuna
796 3069 893 3157 majus
917 3085 1028 3155 potest,
1044 3069 1136 3155 quam

131 3157 261 3222 hostium
278 3155 469 3219 discordiam.

175 3241 332 3309 XXXIV.
354 3243 551 3325 Angrivarios
574 3256 605 3306 et
626 3242 801 3309 Chamavos
827 3265 844 3308 a
868 3257 953 3328 tergo
976 3242 1135 3326 Dulgibiffi

131 3344 162 3395 et
178 3329 327 3394 Chasueri
342 3329 469 3392 cludunt
492 3329 616 3414 eliaeque
640 3346 757 3412 gentse,
780 3332 859 3395 haud
877 3331 1002 3416 perinde
1018 3351 1136 3415 memo·

131 3431 211 3482 rate.
251 3415 282 3478 A
298 3415 394 3479 fronte
411 3414 499 3479 Frisii
514 3417 680 3500 excipiunt.
717 3417 896 3503 Majoribor
911 3415 1136 3504 minoribusque

130 3499 247 3568 Frisiis
263 3503 443 3566 vocabulum
464 3517 509 3566 est
531 3525 571 3566 ex
588 3503 679 3566 modo
695 3505 801 3568 virium
816 3529 825 3569 r
847 3521 981 3590 utraeque
997 3506 1135 3570 nationes

129 3611 226 3676 usque
242 3591 280 3654 ed
296 3589 456 3654 Oceanum
480 3589 594 3652 Rheno
618 3605 833 3674 pretexumor,
861 3594 1056 3676 ambiuntque
1077 3594 1134 3656 im·

129 3699 251 3741 mensos
266 3679 387 3762 insuper
401 3677 485 3740 lacus
500 3691 531 3741 et
547 3676 696 3740 Romanis
711 3678 855 3742 classibus
870 3680 1035 3764 navigatos.
1081 3677 1133 3762 lp·

128 3786 195 3829 sum
221 3766 294 3851 quin
316 3766 408 3830 etiem
430 3764 589 3830 Oceanum
610 3763 665 3915 plglt
687 3767 891 3832 tentavimus:
914 3781 945 3832 et
970 3784 1131 3850 superesse

1237 9 1251 122 l

1250 213 1251 270 l
