2516 4250
107 223 147 287 A.
164 221 203 287 C.
220 223 290 305 69.]
381 221 525 287 Hieros.
550 221 625 288 Lm.
650 223 841 288 Secessus.
1073 224 1118 288 49

108 387 205 464 Italib,
221 388 341 452 cithare
357 402 388 452 et
400 387 505 452 centris
521 388 633 471 peritus
648 387 744 462 (unda
767 388 817 464 illi,
844 409 935 472 super
949 388 1116 454 similitudi-

110 497 181 540 nem
193 476 263 575 uris,
276 475 400 580 propior
411 475 449 536 ad
467 473 628 537 fallendum
643 475 733 556 fides)
745 475 891 560 adjunctis
903 476 1116 577 desertoribus,

111 584 189 648 quos
205 560 306 646 iuopib
320 582 412 660 vagos
427 561 593 644 ingentibus
610 562 761 644 promissis
776 578 960 645 corruperat,
973 585 1056 625 mare
1072 565 1118 627 in·

23 657 24 660 ’
111 650 267 736 graditur:
297 669 344 724 ac,
367 648 395 710 vi
419 663 630 731 tempestatum
646 646 802 730 Cythnum
826 649 951 712 insulam
968 650 1117 728 detrusus,

112 751 143 801 et
164 737 290 798 militum
314 727 460 834 quosdam
477 755 517 798 ex
533 732 659 797 Oriente
675 735 907 798 commeantium
933 737 1046 812 ascivit,
1069 735 1118 801 vel

112 823 279 887 abnuentes
293 820 441 885 interfici
428 821 526 906 Jussit,
550 835 580 884 et
595 821 726 904 spoliatis
741 822 982 905 negotiatoribus,
1005 823 1120 886 manci·

134 931 230 973 torum
247 907 481 970 valentissimum
494 928 646 991 quemque
659 909 794 971 armavit.
840 907 1119 1016 Centurionemque

111 931 284 1095 ἓίεοιιιιιιιι,
312 995 444 1069 dextras,
468 994 668 1056 concordiae'
660 995 794 1078 insignia,
823 994 941 1078 Syriaci
965 995 1119 1062 exercitiis

111 1083 234 1148 nomine
259 1082 296 1144 ad
314 1080 512 1144 Pretorianos
535 1079 692 1156 serentem,
716 1081 803 1144 variis
826 1082 937 1144 artibus
960 1103 1120 1168 aggressus

112 1184 180 1234 est:
204 1169 302 1232 donec
319 1167 457 1243 Sisenna,
484 1167 563 1230 clam
587 1167 691 1230 relicte
713 1166 818 1243 insula,
841 1168 975 1252 trepidus
1002 1185 1032 1232 et
1058 1170 1118 1234 vim

111 1271 252 1320 metuens
266 1253 441 1338 aufugeret.
463 1252 534 1316 inde
550 1253 609 1316 late
625 1271 730 1330 terror,
747 1254 846 1318 multis
858 1255 896 1318 ad
912 1255 1119 1326 celebritatem

112 1343 241 1406 nominis
256 1341 376 1420 erectis,
403 1361 504 1404 rerum
519 1362 663 1404 novarum
679 1342 821 1426 cupidine
847 1356 878 1405 et
902 1341 973 1405 odio
989 1361 1119 1428 praeseu-

113 1443 199 1494 llum.

157 1514 219 1580 lX.
246 1514 432 1579 Glisceutem
448 1514 476 1577 in
493 1514 684 1579 diessamam
700 1514 761 1580 sors
776 1516 924 1580 discussit.
969 1516 1120 1582 Galatiam

114 1623 151 1666 ac
172 1601 386 1687 Pamphyliam
412 1603 582 1686 provincias
605 1603 771 1686 Calpurnio
788 1603 946 1686 Asprenati
970 1605 1120 1686 regendas

115 1689 213 1752 Galba
237 1689 432 1773 permiserat:
462 1688 538 1750 datae
561 1709 579 1750 e
605 1689 702 1752 classe
719 1688 882 1752 Misenensi
898 1690 964 1751 duae
983 1691 1120 1756 triremes

116 1776 154 1840 ad
170 1775 425 1860 prosequendum,
451 1795 522 1836 oum
549 1775 656 1858 quibus
683 1774 839 1856 Cythnum
865 1775 989 1838 insulam
1014 1778 1119 1842 tenuit.

115 1861 184 1926 Nec
200 1862 336 1938 deluere,
360 1861 410 1946 qui
432 1861 611 1924 trierarchos
627 1861 747 1924 nomine
763 1861 896 1925 Neronis
918 1863 1072 1927 accirent:
1094 1864 1120 1929 is

113 1950 143 2012 in
159 1949 329 2012 moestitiam
346 1948 539 2031 compositus,
556 1963 586 2010 et
611 1947 721 2010 ‘fidem
737 1970 859 2011 suorum
875 1950 1026 2032 quondam
1044 1951 1121 2014 mili·

114 2035 188 2100 tum'
205 2037 357 2110 invocans,
373 2041 425 2098 ‘ut
440 2055 510 2096 eum
526 2034 554 2096 in
573 2033 664 2117 Syriai
679 2051 728 2098 aut
742 2033 865 2118 Egypto
880 2035 1039 2112 sisterent,’
1052 2057 1121 2100 ora-

114 2121 176 2186 bat.
221 2121 394 2185 Trierarchi
410 2136 557 2196 nutantes,
582 2142 635 2184 seu
653 2122 733 2198 dolo,
760 2123 978 2206 ‘alloquendos
993 2123 1048 2186 sibi
1065 2124 1121 2186 rni-

114 2208 190 2285 lites‚
217 2225 247 2271 et
270 2209 378 2292 paratis
403 2208 537 2270 omnium
564 2207 670 2271 animis
697 2208 890 2284 reversuros,’
914 2209 1118 2275 firmaverunt.

116 2294 180 2358 Sed
197 2295 355 2378 Asprenati
371 2309 480 2357 cuncta
504 2315 544 2356 ex
560 2294 620 2357 fide
636 2295 787 2358 nuntiata:
809 2294 897 2380 cujus
911 2297 1119 2360 cohortatione

115 2397 286 2482 expugnata
303 2382 395 2457 navis,
418 2395 449 2444 et
464 2378 638 2444 interfectus
650 2381 787 2480 ‘quisquis
803 2382 850 2444 ille
866 2397 941 2445 erat.
987 2381 1119 2466 Corpus,

114 2468 229 2550 insigne
244 2469 340 2532 oculis
355 2489 505 2552 comaque
529 2483 560 2531 et
582 2467 718 2532 torvitate
734 2465 872 2544 vulttis,
864 2491 893 2530 ιιι
910 2469 1015 2532 Asiam
1031 2485 1120 2553 atque

115 2555 186 2618 iude
203 2553 335 2617 Romam
353 2571 527 2638 pervectum
540 2570 597 2618 est.

159 2639 202 2704 X
227 2640 261 2703 ln
281 2641 400 2704 civitate
422 2641 564 2715 discordi,
587 2655 617 2704 et
632 2641 671 2704 ob
687 2641 809 2705 crebras
830 2640 1006 2745 Principum
1022 2657 1120 2708 muta·

114 2727 222 2803 tioues,
238 2728 313 2790 inter
335 2728 501 2790 libertatem
518 2749 554 2790 ac
570 2727 744 2790 licentiam
737 2726 860 2803 incerti,
886 2749 983 2811 parvae
1000 2751 1121 2836 quoque

115 2835 166 2877 res
189 2815 303 2918 magnis
326 2814 455 2878 motibus
470 2815 643 2898 agebantur.
689 2813 796 2878 Vibius
818 2812 956 2898 Crispus,
981 2815 1120 2899 pecuniis,

116 2899 259 3000 potentii,
275 2901 393 2983 ingenio
411 2901 486 2963 inter
501 2901 598 2963 claros
614 2898 718 2984 magis,
736 2900 825 3000 quim
842 2900 918 2964 inter
935 2901 1036 2978 bonos,
1055 2903 1122 2966 An·

114 2988 198 3050 nium
216 2985 373 3063 Faustum,
396 2986 554 3070 Equestris
569 2987 691 3063 ordinis,
717 2988 765 3072 qui
790 2988 975 3071 temporibus
991 2987 1121 3053 Neronis

117 3073 284 3136 delationes
310 3072 503 3150 factitaverat,
531 3074 568 3136 ad
599 3073 799 3155 cognitionem
828 3073 958 3138 Senatds
981 3076 1119 3140 vocabat.

118 3157 199 3222 Nam
227 3159 345 3236 recens,
370 3159 474 3222 Galbae
502 3158 686 3243 Principatu,
713 3178 892 3223 censuerant
917 3159 1035 3236 Patres,
1067 3169 1121 3226 ‘ut

118 3248 326 3310 accusatorum
357 3267 456 3310 cause
486 3246 703 3310 noscerentur.’
753 3246 788 3309 ld
821 3246 1121 3312 Senatdsconsultum

118 3332 199 3396 varie
210 3333 357 3416 jactatum
383 3347 423 3408 et,
450 3349 537 3417 prout
564 3349 669 3416 potens
695 3333 741 3395 vel
767 3334 852 3417 inops
875 3355 943 3397 reus
965 3335 1122 3412 inciderat,

116 3419 265 3482 infirmum
282 3435 333 3482 aut
348 3419 478 3482 validum
495 3419 686 3483 retinebatur.
725 3421 774 3483 Ad
793 3421 849 3484 boc
870 3422 990 3484 terroris
1005 3437 1036 3485 et
1051 3443 1121 3504 pro·

117 3505 182 3590 prid
193 3505 222 3568 vi
238 3505 365 3590 Crispus
380 3507 564 3582 incubuerat,
578 3507 742 3570 delatorem
760 3505 855 3570 fratris
867 3508 911 3570 sui
929 3526 1120 3590 pervertere:

117 3609 309 3676 traxeratque
332 3614 472 3675 magnam
497 3592 626 3656 Senatbs
653 3609 778 3677 partem,
801 3610 834 3657 ut
857 3593 1064 3656 ‘indefensum
1089 3610 1121 3658 et

118 3679 282 3742 inauditum
299 3679 370 3742 dedi
382 3680 419 3741 ad
433 3680 571 3743 'exitium'
585 3681 775 3762 postularent.
821 3679 937 3743 Contria
952 3681 1030 3765 apud
1048 3681 1121 3745 alios

118 3766 188 3830 nihil
205 3765 290 3851 equ'e
305 3787 358 3830 reo
380 3767 530 3851 proderat,
554 3769 644 3916 qubr5n
660 3767 750 3830 nimia
766 3766 896 3852 potentia
917 3768 1120 3832 accusatoris:
