2514 4318
80 229 145 292 220
421 227 464 294 C.
488 229 598 295 Coun.
622 227 747 295 Taeter

80 393 225 471 delectus,
241 405 384 480 tanquam
408 358 483 458 mdri
510 394 626 458 tantiam
653 417 707 480 pro
737 391 833 478 patrib
858 387 1082 458 nescientibus:

79 496 224 566 quantum
237 481 317 544 euim
333 478 473 544 transisse
489 483 626 558 militum,
638 481 662 544 si
679 502 745 544 sese
755 480 892 548 Britanni
904 479 1083 544 numerent?

79 568 123 630 sic
139 567 316 650 Germanias
332 552 648 653 excussisse‘jugum:
672 582 703 630 et
719 549 854 643 flumirds,
868 588 926 630 non
942 565 1083 644 Oceano,

81 652 222 716 delendi:
246 653 301 715 sibi
314 654 451 737 patriam,
463 653 618 739 conjuges,
635 669 773 738 parentes
786 675 795 716 ε
818 654 874 716 illis
886 653 1038 716 avaritiam
1051 665 1084 715 et
1151 653 1153 662 ’

79 739 230 802 luxuriam
250 761 357 802 causas
380 739 450 802 belli
473 762 551 804 esse.
598 739 798 817 Recessuros,
814 755 847 803 ut
865 739 965 802 Divus
984 739 1084 802 Julius

79 827 264 902 recessisset,
288 825 381 889 mudd
402 827 524 890 virtutes
546 825 691 912 majorum
712 847 834 890 suorum
863 826 1084 888 aemularentur.

81 911 170 975 Neve
194 912 285 995 prelii
308 913 395 976 unius
415 928 467 976 aut
489 914 609 976 alterius
635 929 745 977 eventu
773 926 992 996 pavescerent:
1010 912 1084 1059 plus

12 1047 30 1058 .,
80 997 223 1082 impetds,
239 999 383 1084 majorem
400 1000 609 1075 constantiam,
627 1021 721 1084 penes
744 999 869 1062 miseros
886 1019 966 1062 esse.
1033 1019 1083 1060 am

79 1083 293 1148 Britannorum
310 1087 399 1148 etiam
421 1085 507 1149 Deos
530 1087 673 1170 misereri,
690 1086 740 1171 qui
764 1085 939 1148 Romanurn
958 1084 1084 1147 Ducem

81 1171 248 1248 absentem,
265 1172 314 1256 qui
338 1173 505 1254 relegatum
522 1173 549 1235 in
577 1173 636 1234 alid
659 1171 756 1236 insula
771 1172 951 1247 exercitum,
967 1171 1085 1234 detine-

78 1271 167 1320 rent:
187 1257 251 1342 jam
283 1258 374 1341 ipsos,
406 1258 484 1342 quod
516 1259 725 1330 difficillimum
755 1257 853 1335 suerit,
891 1257 1080 1320 deliberare:

79 1365 170 1428 porro
192 1346 221 1406 in
245 1343 393 1429 ejusmodi
414 1344 546 1408 consiliis
572 1345 768 1430 periculosius
793 1365 862 1408 esse
882 1343 1083 1430 deprehendi,

81 1430 171 1516 quam
188 1430 322 1493 audere!

126 1515 217 1666 XV).
243 1516 300 1580 His
331 1531 421 1603 atque
447 1487 555 1581 ratibds
586 1519 715 1582 invicem
744 1493 887 1595 instindti,
911 1487 1083 1594 Boadieita,
1120 1553 1124 1560 ·

5 1684 8 1691 Ι
81 1605 200 1688 gener's
215 1603 307 1688 Regii
327 1603 462 1682 soemint,
488 1604 579 1668 Duce
605 1604 719 1690 (nequa
746 1605 827 1667 enim
844 1625 958 1667 sexum
982 1603 1085 1667 inim·

80 1678 172 1774 petiis
185 1690 372 1776 discernunt)
389 1686 524 1755 sumsere
536 1692 666 1755 universi
684 1692 815 1754 bellum:
838 1712 874 1754 ac
893 1711 1012 1775 sparsos
1027 1711 1084 1774 per

80 1778 204 1840 castella
221 1778 328 1842 milites
337 1760 514 1855 cousebtati,
527 1762 709 1862 expugffirtis
725 1777 876 1862 presidiis,
888 1778 984 1861 ipsam
999 1777 1084 1840 coln-

80 1864 160 1926 niam
177 1862 375 1940 invaserant
397 1865 502 1928 sedern
524 1866 697 1928 servitutis:
718 1886 775 1926 nec
794 1865 887 1927 ullum
904 1865 933 1926 in
950 1863 1084 1926 barbaris

82 1951 205 2014 sevitiae
221 1971 316 2032 genus
332 1952 429 2014 omisit
445 1945 487 2014 ira
503 1967 534 2014 et
551 1937 684 2015 victoira.
699 1939 901 2026 (Quudfnisi
926 1950 1082 2028 Paulinus,

37 2045 43 2059 '
79 2021 207 2119 cognitd
223 2037 382 2121 provincia
405 2053 501 2115 motu,
525 2039 651 2123 propere
674 2020 873 2114 subumisset
890 2025 998 2101 amissit
1013 2036 1085 2100 Bri-

80 2125 181 2188 tannia
205 2110 414 2212 sorfetjlquam
437 2125 525 2188 unius
552 2126 640 2209 praelii
668 2125 785 2188 fortuna
810 2125 904 2188 veteri
931 2104 1089 2208 patientie

80 2211 220 2288 restituit,
236 2213 406 2274 tenentibus
423 2233 504 2274 arma
522 2211 682 2298 plerisque,
699 2234 773 2296 quos
784 2211 969 2274 conscientia
980 2209 1086 2273 delec-

80 2299 169 2362 tionis
185 2313 216 2362 et
231 2298 353 2383 propids
365 2320 405 2360 ex
418 2297 538 2381 Legato
553 2300 641 2362 timor
652 2299 792 2380 agitabat.
804 2291 979 2368 (Hiocirm
995 2317 1085 2378 egre-

80 2385 146 2466 gius
161 2400 273 2463 cetera,
297 2400 468 2466 arroganter
491 2386 521 2447 iu
545 2385 674 2462 deditos,
698 2401 737 2462 et,
761 2399 794 2448 ut
815 2405 875 2447 suae
892 2405 1012 2468 quoque
1034 2383 1083 2446 iu·

74 2471 159 2556 jurias
177 2471 263 2547 ultor,
277 2471 378 2534 duriris
389 2472 570 2547 consuleret,
584 2472 691 2536 missus
704 2471 865 2534 Petronius
876 2469 1082 2555 Turpilianus,

79 2573 221 2640 tanquam
248 2557 449 2619 exorabilior:
480 2572 510 2620 et
540 2558 656 2620 delictis
688 2559 817 2620 hostiurn
845 2579 952 2634 novuS,
982 2555 1084 2641 adque

80 2643 264 2726 poenitentia
280 2643 388 2720 mitior,
409 2645 583 2728 compositis
607 2645 763 2729 prioribus,
785 2644 857 2707 nihil
882 2643 959 2706 ultra
980 2663 1084 2720 ausus,

79 2729 236 2794 Trebellio
251 2727 388 2792 Maximo
400 2732 584 2815 provinciam
594 2731 744 2820 tradidit)
766 2730 938 2811 Trebellius
950 2729 1083 2812 segnior,

81 2830 112 2880 et
127 2815 216 2879 nullis
231 2830 396 2880 castrorum
413 2819 638 2900 experimentis,
651 2815 793 2881 comitate
810 2817 938 2903 quddam
955 2817 1083 2880 curandi

80 2904 264 2989 provinciam
281 2905 385 2968 tenuit.
431 2904 576 2968 Didiebre
587 2905 652 2986 jam
665 2905 778 2968 barbari
792 2925 912 2989 quoque
924 2905 1090 2986 ignoscere

80 2991 157 3056 vitiis
174 2991 418 3054 blandientibus:
439 3007 470 3054 et
485 2992 668 3055 interventus
682 2992 813 3054 civilium
831 3002 981 3053 armorum
1007 3011 1084 3074 pras·

78 3077 142 3142 buit
164 3077 277 3164 justam
293 3079 426 3161 segnitie
449 3079 695 3141 excusationem:
717 3079 768 3142 sed
794 3075 942 3174 discordiis
957 3073 1083 3142 ¹labora·

78 3179 165 3242 tum;
187 3165 256 3228 crim
281 3179 417 3228 assuetus
443 3165 686 3248 expeditionibus
711 3165 797 3228 miles
825 3165 888 3226 otio
916 3161 1080 3228 lasciviret.

76 3251 251 3315 Trebellius
266 3251 338 3334 lugd
359 3274 394 3314 ac
418 3252 539 3316 latebris
553 3250 646 3316 vitatd
660 3251 813 3314 exercitiis
839 3249 892 3326 ira,
920 3250 1081 3314 indecb'rus
1163 3317 1166 3322 ,

80 3352 169 3423 atque
193 3338 323 3414 humilis,
349 3337 484 3422 precario
505 3361 577 3402 mox
602 3339 735 3422 praesuit:
760 3359 794 3401 ac
811 3339 1004 3422 velutp'acti,
1025 3358 1082 3400 ex·
1114 3335 1117 3339 ’

79 3426 189 3488 arcitus
219 3424 380 3500 licentiam,
404 3425 478 3488 Dux
502 3425 640 3488 salutern.
689 3423 764 3488 Haeo
790 3425 898 3488 seditio
924 3424 988 3486 siue
1011 3445 1082 3486 san·

79 3511 169 3593 guina
199 3511 291 3574 stetit.
338 3509 406 3574 Nec
433 3510 554 3574 Vettius
584 3511 732 3588 Bolanus,
762 3511 953 3574 manentibus
980 3511 1082 3573 adbuc

77 3597 214 3660 civilibus
238 3597 333 3672 bellu,
358 3599 480 3679 agitavit
497 3599 684 3673 Britanniam
709 3597 887 3682 disciplinis:
910 3597 1019 3660 eadem
1035 3597 1083 3660 in-

75 3685 149 3748 ersra
165 3703 236 3766 erga
259 3683 371 3762 hostes,
396 3685 499 3747 similis
520 3685 685 3769 petulantia
707 3701 894 3749 castrorum:
919 3685 974 3748 nisi
996 3681 1081 3770 quiid
