2484 4316
145 246 188 312 A.
205 246 246 312 C.
262 247 332 330 69.]
423 245 566 312 Hrsron.
589 194 666 312 Lis.
689 247 864 324 Quassus.
1085 251 1147 314 159

146 427 242 476 tates:
265 413 319 476 sed
335 411 475 476 ‘Pisonis
491 413 661 476 satellitem’
677 413 814 490 vocabat,
831 413 1000 498 militesque
1016 426 1047 476 et
1063 412 1147 478 Cen-

146 501 279 562 turiones
295 500 440 585 quosdam
457 499 563 584 puniit,
580 501 652 562 alios
669 501 795 584 praemiis
807 500 926 563 affecit:
951 513 1089 564 neutrum
1106 521 1147 564 ex

146 587 264 662 merito,
280 587 334 650 sed
351 585 583 670 ut'oppressisse
600 587 711 650 bellum
723 587 907 650 crederetur.
952 585 1032 650 Mox
1048 586 1148 650 OEeu·

146 673 236 750 sium,
259 673 552 757 Leptitanorumque
586 673 747 738 discordias
773 673 937 758 componit,
962 695 1039 757 quae,
1060 687 1148 758 raptu

148 757 267 843 hugum
284 776 314 822 et
332 781 478 844 pecorum
501 761 579 823 inter
596 775 740 843 agrestes,
756 761 881 824 modicis
902 759 1147 910 principili'plam

1094 869 1132 910 eu

149 851 302 929 perarma
323 861 413 932 atque
431 847 511 910 acies
528 848 759 910 exercebantur.
805 846 885 910 Nam
902 847 1032 932 populus
1134 881 1148 895 ·

146 933 197 1010 sie,
213 933 404 996 multitudine
420 931 550 1010 inferior,
564 932 764 997 Garamantas
779 935 944 1011 exciverat,
960 947 1083 1018 gentem
1102 934 1147 996 in·

149 1019 294 1083 domitam
324 1035 355 1083 et
381 1021 459 1084 inter
488 1021 606 1084 accolas
635 1020 795 1084 latrociniis
825 1019 1009 1084 loecundam.
1054 1017 1148 1084 Unde

149 1119 238 1169 arctae
267 1105 436 1190 Leptitanis
465 1128 524 1184 res,
555 1107 676 1192 lateque
693 1107 812 1171 vastatis
841 1109 917 1191 agris
937 1107 1012 1170 intra
1036 1107 1149 1170 moenia

149 1193 357 1276 trepidabant:
382 1195 490 1271 donec,
509 1195 678 1257 interventu
698 1193 866 1258 cohortium
889 1193 1076 1278 alarumque,
1092 1193 1149 1257 susi

51 1287 52 1290 ’
150 1277 350 1344 Garamantes
368 1295 399 1344 et
421 1297 544 1366 recepta
567 1281 663 1344 omnis
688 1281 797 1365 praeda,
814 1281 869 1343 nisi
896 1303 986 1366 quam
1003 1281 1070 1364 vagi
1094 1302 1149 1366 per

148 1365 300 1430 inaccessa
317 1368 479 1450 mapalium
496 1368 684 1431 ulterioribus
701 1366 907 1431 vendiderant.

165 1477 168 1484 ⁴
191 1451 248 1516 Ll.
272 1453 315 1518 At
328 1453 528 1538 Vespasiano,
538 1468 605 1538 post
621 1453 862 1517 Cremonensem
880 1475 1011 1537 pugnam
1024 1466 1054 1516 et
1065 1474 1149 1536 pros-

148 1559 237 1624 peros
249 1540 381 1624 undique
395 1542 524 1616 nuntios,
537 1547 545 1576 ‘
558 1541 704 1603 cecidisse
713 1539 892 1616 Vitellium,'
906 1540 991 1602 multi
1001 1541 1149 1624 cujusque

149 1626 271 1702 ordinis,
288 1628 350 1708 pari
366 1626 494 1690 audacis
507 1625 685 1711 fortunisque
709 1627 879 1710 hybernum
902 1647 985 1688 mare
1008 1627 1150 1708 aggressi,

150 1712 339 1774 nuntiavere.
385 1712 523 1776 Aderant
544 1714 635 1795 legati
651 1713 747 1794 Regis
761 1711 917 1794 Vologesi,
934 1711 1149 1796 ‘quadraginta

149 1795 332 1861 Parthorum
344 1799 479 1883 equitum
492 1799 594 1862 millia’
606 1800 778 1862 offerentes.
824 1797 1021 1880 Magnificum
1034 1798 1151 1862 laetum-

152 1905 221 1970 que,
238 1885 326 1948 tantis
341 1885 489 1948 sociorum
506 1885 623 1948 auxiliis
639 1886 753 1964 ambiri,
766 1905 865 1970 neque
881 1885 1026 1968 indigere.
1073 1884 1151 1949 Gru·

151 1973 200 2035 tiae
215 1969 369 2055 Vologese
384 1987 469 2050 acta,
485 1973 732 2056 mandatumque,
749 1979 757 2010 ‘
770 1987 803 2035 ut
819 1973 934 2055 legatos
949 1973 986 2034 ad
1003 1969 1151 2036 Senatum

150 2057 285 2122 mitteret
306 2072 338 2126 et
361 2081 468 2142 pacem
491 2081 557 2122 esse
581 2059 692 2122 sciret!
740 2057 956 2142 Vespasianus,
980 2059 1009 2120 in
1033 2056 1152 2122 Italiam
1229 2085 1230 2088 ¹

151 2164 261 2228 resque
276 2145 356 2206 urbis
372 2147 514 2222 intentus,
530 2147 686 2208 adversam
703 2145 741 2206 de
756 2145 932 2207 Domitiano
948 2143 1057 2209 samam
1074 2145 1154 2208 acci-

152 2232 218 2316 pit;
241 2235 250 2266 ‘
261 2243 402 2315 tanquam
426 2231 569 2294 terminos
588 2231 681 2293 aetatis
696 2247 726 2292 et
742 2251 885 2293 concessa
909 2231 969 2292 filio
992 2231 1152 2312 egredere-

150 2315 222 2380 tur.’
268 2315 592 2396 Igitur'validissimam
609 2315 761 2380 exercitiis
777 2326 892 2401 partem
908 2315 982 2380 Tito
997 2317 1096 2395 tradit,
1112 2316 1152 2380 ad

151 2401 265 2485 reliqua
276 2401 397 2464 Judaici
412 2403 484 2465 belli
500 2403 713 2486 perpetranda.

194 2487 267 2550 Lll.
290 2487 408 2564 Titum,
424 2502 585 2574 antequam
602 2489 925 2570 digrederetur,multo
936 2488 1017 2572 apud
1034 2502 1152 2572 patrem

149 2593 289 2637 sermone
305 2573 406 2636 orasse
422 2573 587 2652 dicebatur,
605 2581 663 2636 ‘ne
678 2576 899 2638 criminantium
916 2575 1024 2637 nuntiis
1036 2573 1151 2648 temere

151 2660 387 2723 accenderetur:
411 2660 621 2745 integrumque
634 2681 666 2722 se
679 2682 714 2724 ac
726 2661 904 2744 placabilem
915 2661 974 2722 filio
988 2675 1151 2744 praestaret.

151 2745 223 2810 Nun
239 2745 382 2828 legiones,
396 2768 454 2808 nou
466 2747 587 2824 classes,
598 2747 722 2832 perinde
733 2747 816 2810 firma
826 2747 942 2830 imperii
954 2748 1152 2826 munimenta,

152 2834 243 2918 quiam
254 2853 411 2896 numerum
427 2833 600 2896 liberorum.
645 2832 726 2898 Nam
738 2834 849 2897 amicos
861 2847 1010 2916 ternpore,
1023 2831 1152 2912 fortunia,

151 2919 340 3004 cupidinibus
367 2920 537 3004 aliquando,
562 2937 613 2984 aut
638 2920 796 2996 erroribus,
819 2919 965 2996 imminui,
990 2917 1152 2998 transferri,

153 3005 312 3069 desinere:
336 3027 423 3068 suum
439 3006 548 3090 cuique
572 3007 748 3088 sanguinem
772 3007 976 3081 indiscretum,
992 3005 1045 3068 sed
1067 3026 1155 3068 max·
1229 3021 1230 3024 ’

152 3092 213 3156 im'e
225 3091 433 3176 Principibus:
459 3113 584 3177 quorum
602 3093 752 3176 prosperis
762 3107 792 3156 et
807 3093 856 3154 alii
868 3091 1013 3169 fruantur,
1026 3091 1154 3156 adversa

152 3179 191 3243 ud
202 3178 406 3265 junctissimos
423 3179 612 3263 pertineant:
637 3199 675 3240 nc
692 3178 828 3242 fratribus
844 3178 965 3264 quidem
982 3199 1153 3243 mansuram

151 3265 354 3342 concordiam,
370 3267 399 3328 ni
418 3285 525 3348 parens
547 3265 725 3350 exemplum
750 3265 944 3350 praebuisset)
991 3263 1155 3350 Vespasia·

151 3373 219 3430 nus,
243 3352 324 3415 baud
346 3353 432 3436 aequb
459 3351 636 3415 Domitiano
660 3352 820 3434 mitigatae,
845 3352 935 3438 quam
956 3350 1020 3416 Titi
1042 3353 1154 3436 pietate

151 3439 298 3520 gaudens,
321 3439 423 3501 ‘bono
452 3459 520 3502 esse
547 3436 657 3501 animo'
683 3437 783 3522 jubet,
813 3439 974 3522 ‘belloque
1004 3441 1154 3503 et>armis

151 3525 388 3610 Rempublicam
404 3525 562 3589 attollere:
587 3525 641 3587 sibi
658 3545 764 3608 pacem
777 3525 962 3609 domumque
973 3547 1051 3588 curae
1066 3523 1153 3588 fora!

150 3609 235 3676 Tum
258 3613 431 3676 celerrimas
457 3612 591 3688 navium,
618 3610 768 3674 srumeuto
794 3626 927 3688 onustas,
950 3632 1029 3675 saevo
1053 3611 1155 3674 adbuc

150 3700 225 3764 mari
247 3699 419 3764 committit.
465 3697 591 3786 Quippe
616 3711 700 3761 tanto
724 3697 894 3762 discrimine
918 3696 1001 3761 Urbs
1017 3697 1152 3776 nutabat,
