2556 4446
41 661 53 692 ἢ

112 446 181 516 266
519 445 691 514 Becaren

113 631 198 675 mene
213 629 230 670 a
243 607 415 671 liberalibus
436 607 632 685 honestisque
647 609 753 670 studiis
768 608 901 670 nondum
916 611 1050 680 retraxit,
1072 630 1120 672 ces

113 703 194 752 teros
208 709 312 750 omnes
326 699 492 764 sequuntur
502 689 663 756 auditores,
675 688 826 749 actoribus
841 689 962 756 similes,
977 691 1118 750 conducti

114 788 144 832 et
162 770 308 846 redempti
331 769 493 843 mancipes.
536 767 721 826 Convenitur
742 769 773 840 in
796 769 898 828 medie
916 769 1046 837 basilice,
1066 773 1118 829 ubi

113 859 173 910 tam
189 849 288 924 palam
303 845 452 923 sportulae,
468 847 558 921 quem
572 847 603 906 in
624 846 752 906 triclinio
776 847 893 905 dantur.
936 848 983 906 Ex
1002 849 1117 925 judicio

114 931 146 988 in
155 929 300 1006 judicium
316 927 378 1002 pari
393 925 531 984 mercede
546 927 696 984 transitur.
739 925 846 988 Graece
859 925 979 1002 quidem
996 928 1117 986 Latine-

115 1027 172 1084 que
184 1008 287 1083 lingue
302 1015 412 1064 tantam
427 1005 588 1063 faeditatem
604 1005 791 1073 notavimus;
813 1015 852 1072 et,
868 1007 906 1064 ob
921 1023 1029 1064 novam
1044 1009 1117 1066 infa-

114 1089 213 1152 miam,
230 1086 315 1142 novis
330 1085 507 1160 excogitatis
518 1085 699 1147 nominibus,
712 1081 934 1153 cooaeternus
946 1084 1118 1144 etlundice·

113 1184 170 1224 nos
193 1165 348 1223 irrisimus.
391 1163 507 1229 Quibus
532 1173 630 1222 tamen
651 1163 834 1240 jocularibus
857 1164 988 1222 dicteriis
1011 1165 1116 1223 vitium

114 1263 175 1312 non
187 1244 359 1302 sustulimus
371 1262 379 1312 ;
401 1241 463 1310 sed,
472 1243 552 1318 quod
564 1243 653 1320 vulgb
664 1243 819 1321 contingit,
831 1244 1032 1302 celebritatem
1043 1244 1117 1302 fidu·
1192 1305 1194 1310 ,

115 1325 250 1398 clamque
265 1323 293 1380 ci
304 1322 479 1380 addidimus.

153 1405 182 1460 9.
204 1401 278 1460 lnde
293 1403 401 1460 crescit
411 1402 442 1458 in
454 1401 517 1460 dies
530 1400 691 1478 indignitas
702 1421 710 1469 ;
732 1419 787 1459 nec
797 1405 908 1460 tantbm
919 1401 1050 1478 ingenui,
1062 1399 1116 1460 sed

117 1491 147 1542 et
161 1481 249 1548 servi,
259 1482 310 1538 vix
321 1481 477 1558 pueritiam
493 1481 617 1555 egressi,
628 1480 663 1536 ad
674 1478 853 1536 laudandum
866 1479 1040 1538 trahuntur:
1062 1499 1119 1538 nec

115 1559 327 1636 intelligentes,
348 1569 399 1616 aut
418 1557 652 1633 intelligentibus
668 1554 796 1622 similes,
818 1558 870 1614 sed
895 1577 933 1615 ne
960 1559 1117 1618 audientes

115 1639 244 1716 quidem,
271 1635 398 1696 maxime
426 1638 451 1694 si
475 1637 540 1710 quis
567 1635 815 1710 imperitissimus,
839 1635 966 1710 ideoque
994 1637 1117 1694 laudum

114 1719 302 1778 avidissimus
314 1715 432 1794 juvenis
442 1715 478 1772 ad
490 1713 648 1770 dicendum
658 1715 827 1781 accesserit,
838 1714 973 1772 basilicas
987 1716 1116 1790 implent

114 1798 303 1872 clampribus,
315 1806 366 1852 aut
377 1797 472 1868 potibs
482 1793 651 1852 ululatibus.
693 1793 799 1871 Neque
811 1793 888 1850 eninr
900 1792 958 1850 alio
970 1794 1117 1870 vocabulo

114 1887 215 1954 potest
224 1875 351 1951 exprimi
366 1874 488 1942 theatris
499 1891 618 1948 quoque
631 1872 773 1930 indecora
782 1869 922 1931 laudatio.
965 1871 1038 1940 Quae
1050 1878 1116 1932 num

114 1967 220 2032 reputo
236 1957 292 2014 sori
308 1954 401 2012 nostri
417 1953 571 2029 propudia,
585 1953 662 2010 baud
675 1953 775 2019 miror,
788 1951 935 2019 Materne,
951 1953 1048 2030 tejam
1064 1953 1117 2010 du·

115 2035 183 2094 dum
203 2035 337 2110 receptui
352 2033 505 2098 cecinisse,
526 2043 566 2096 et,
589 2035 653 2088 cum
674 2032 796 2107 perierit
816 2032 943 2090 forensis
964 2031 1069 2107 gloria,
1086 2042 1116 2089 te

115 2113 212 2174 Musis
234 2124 328 2170 totum
343 2123 372 2170 te
393 2112 550 2170 addixisse.
592 2110 626 2168 Id
649 2109 738 2167 unum
763 2128 827 2177 oro,
852 2112 990 2184 quoniam
1007 2121 1118 2170 nostrae

116 2187 318 2268 disputationi,
335 2191 371 2250 de
393 2192 489 2248 causis
511 2198 656 2264 corrupte
672 2189 749 2264 apud
765 2208 820 2246 nos
835 2190 1011 2266 eloquentie
1025 2191 1116 2248 finem

114 2272 308 2348 impositurus
330 2263 371 2336 ee,
387 2268 477 2325 addas
493 2268 581 2326 velim
597 2271 692 2326 utrum
712 2265 764 2326 tibi
778 2270 817 2330 sit
832 2270 986 2328 meliorum
1002 2279 1116 2345 tempo·

115 2371 180 2410 rum
195 2371 275 2427 spes,
292 2359 322 2407 et
332 2367 396 2424 qua
411 2349 506 2422 possit
520 2366 586 2406 esse
601 2346 818 2406 emendationis
833 2350 908 2406 ratio
918 2348 1035 2406 docens.

157 2431 203 2490 10.
226 2423 459 2501 Fateor,‘inquit
479 2425 643 2494 Maternus,
670 2445 716 2487 me
740 2427 940 2502 irrepentibus
963 2427 993 2483 in
1019 2428 1116 2486 forum

115 2511 195 2568 vitiis
211 2509 287 2568 band
300 2507 488 2566 mediocriter
504 2508 595 2565 fuisse
610 2516 803 2566 commotum.
845 2505 945 2584 Magis
958 2505 1054 2564 adbuc
1069 2525 1117 2564 me

116 2589 294 2652 offendebat,
307 2586 385 2663 qubd
401 2589 431 2644 in
446 2587 509 2644 dies
520 2585 717 2644 invalesceret
728 2587 813 2644 ferox
827 2587 934 2652 scelus,
948 2584 1118 2658 pudendum

116 2672 181 2730 cbrn
197 2667 414 2732 defenderetur,
432 2665 583 2724 exitiabile
597 2665 622 2720 si
643 2667 877 2740 impugnaretur.
918 2664 1060 2722 Nondum
1075 2674 1117 2722 ta·

116 2766 184 2806 men
200 2765 216 2801 a
231 2745 343 2802 forensi
355 2742 453 2800 studio
468 2743 589 2801 fuissem
604 2752 756 2809 retractus,
773 2745 802 2802 ni
814 2743 1002 2818 imperiosior
1014 2754 1119 2805 natura

115 2843 163 2883 me
184 2823 281 2880 Musis
297 2821 476 2876 devovisset.
520 2821 642 2878 Certum
665 2823 744 2878 enim
769 2841 804 2878 ae
827 2821 1022 2880 deliberatum
1044 2822 1118 2882 mihi

116 2910 188 2968 arat,
210 2897 289 2974 qnod
310 2899 341 2954 in
363 2897 429 2954 foro
451 2899 669 2960 nobilissimum
692 2910 722 2958 et
735 2902 939 2978 incorruptum
962 2912 1119 2978 supererat

116 2981 210 3056 sequi,
228 2990 359 3036 veterum
381 2990 533 3036 oratorum
558 2979 704 3056 exempla,
726 2999 787 3038 non
811 2981 914 3040 eadem
940 2981 1118 3057 eloquentiae

116 3061 156 3127 vi,
181 3057 269 3135 quam
291 3065 393 3118 nostra
414 3074 474 3116 non
497 3059 596 3116 ferunt
612 3070 762 3135 tempora,
787 3060 839 3119 sed
865 3061 927 3136 pari
952 3062 1123 3120 constantie

117 3139 266 3206 aemulari3
289 3157 342 3213 prn
357 3137 436 3196 virili
451 3148 534 3213 parte
549 3137 689 3196 adversbs
711 3140 895 3196 imminentia
910 3139 985 3196 mala
1001 3159 1049 3198 me
1070 3159 1119 3198 ao·

116 3221 247 3296 cingere,
262 3227 292 3274 et
306 3218 414 3274 civium
431 3217 573 3284 fortunas,
595 3215 780 3291 dignitatern,
800 3217 923 3276 salutern
940 3219 1025 3276 tueri.
1067 3221 1118 3286 At,

99 3297 149 3358 'nl
162 3297 251 3356 ntodb
263 3296 334 3362 dixi,
351 3306 461 3354 natura
472 3295 674 3362 alibtrahenti
686 3315 790 3370 parere
801 3299 913 3374 jussus,
923 3297 958 3354 ad
975 3298 1119 3373 tranquil-

115 3378 190 3448 liora
207 3387 236 3436 et
257 3377 407 3434 securiora
429 3375 582 3432 Musarum
598 3383 694 3432 castra
715 3377 875 3455 transfugi:
896 3377 996 3434 animo
1019 3388 1120 3437 tamen

115 3457 208 3516 haeret
218 3453 335 3531 semper
349 3454 406 3512 fori
418 3473 501 3510 amor
516 3465 546 3512 et
560 3473 639 3510 cura.

158 3539 203 3593 ll.
226 3536 313 3609 Saepe
334 3535 432 3600 etiam,
455 3537 519 3590 cirnr
542 3531 767 3592 meditabundus
782 3534 922 3609 solusque
944 3536 1118 3600 obambulo,

115 3615 146 3674 in
161 3617 296 3674 forenses
311 3613 451 3670 revolvor
467 3611 675 3688 cogitationes,
695 3631 871 3690 mecumque
886 3626 992 3690 reputo
1008 3617 1119 3674 veteris

116 3691 292 3766 eloquentie
306 3711 416 3758 cusum,
431 3692 534 3751 diserti
558 3694 649 3750 nostri
665 3695 812 3752 sermonis
833 3693 988 3769 originem,
1011 3696 1121 3754 utrius·

117 3787 174 3843 que
195 3788 298 3826 causas
313 3781 343 3826 et
357 3771 507 3829 utilitates.
551 3771 628 3838 Quid
645 3771 699 3828 bac
715 3791 805 3846 super
820 3791 851 3828 re
874 3773 944 3830 mibi
960 3775 1055 3832 visum
1068 3794 1120 3834 ex-

116 3848 245 3922 plicabo,
260 3865 321 3902 non
336 3849 558 3908 contradicendi
573 3849 680 3917 studio,
694 3869 790 3925 neque
802 3861 946 3912 ntsensus
957 3871 1039 3911 meos
1052 3873 1119 3930 per·

117 3925 273 3987 suadeam
295 3923 345 3978 sed
361 3938 393 3980 ut
413 3928 442 3982 in
459 3927 514 3985 bac
528 3929 728 4004 disputatione
744 3942 843 4003 partes
865 3949 946 3989 meas
966 3933 1118 4008 impleam,

18 4057 19 4060 ,
115 4004 284 4076 nostrisque
300 3999 347 4056 vel
361 4001 546 4064 discordibus
560 4008 715 4066 sententiis
729 4012 825 4086 magis
835 4009 986 4068 elucescat
999 4013 1121 4072 veritas.
