2514 4318
374 213 414 280 C.
438 213 547 280 Canu.
571 213 696 280 Taum
718 215 902 280 Aeternum.
1077 219 1141 283 ala

29 449 36 458 ,
138 347 287 450 incuriam
302 357 430 446 suoruni
441 357 517 445 aeta}
530 381 639 459 omisit,
655 381 791 466 quotiens
803 402 910 463 magna
927 381 1073 467 aliquaue
1088 369 1145 447 nu<

140 473 209 536 bilis
222 471 313 536 virtus
331 469 400 532 vicit
412 490 448 532 ao
464 489 656 553 supergressa
672 484 717 532 est
732 469 846 545 vitium,
858 470 956 552 parvis
968 471 1143 555 magnisque

44 559 49 564 “
140 558 312 623 civitatibus
334 577 507 633 commune,
533 555 727 638 ignorantiam
748 556 820 618 recti
837 569 867 618 et
882 555 1035 619 iuvidiam.
1081 557 1143 620 Sed

141 645 223 730 apud
240 635 363 728 priore's,
385 657 417 707 ut
432 665 521 728 agere
538 657 704 706 memoratu
729 641 819 722 digua
843 629 970 726 promsm
988 641 1144 730 magisque

141 733 171 796 in
188 715 292 816 aperfo
308 745 392 807 erat;
423 731 463 794 ita
479 715 693 794 celeberrinsus
717 729 843 814 quisque
866 730 997 813 ingenio,
1023 731 1061 794 ad
1078 718 1154 815 pros

141 815 274 882 dandam
292 818 405 882 virtutis
421 818 607 894 memoriam,
623 817 687 880 sine
699 801 795 898 gratia
805 829 856 878 aut
871 806 1044 896 ambitione,
1059 819 1145 880 bone

141 905 259 970 tanturn
275 890 464 968 couscientia
488 905 584 988 pretio
606 903 783 968 ducebatur.
821 904 869 966 Ac
892 905 1039 989 plerique,
1059 925 1145 968 suam

141 993 199 1076 ipsi
216 991 306 1056 vitam
324 1013 453 1069 narrare,
469 991 609 1054 fiduciam
626 989 725 1074 potiris
745 1011 873 1068 morum,
898 991 988 1076 quarn
1005 1013 1145 1072 arrogan-

141 1081 216 1144 tiam
231 1079 359 1142 arbitrati
384 1091 472 1142 sunt:
502 1099 559 1142 nee
586 1078 615 1142 id
642 1073 758 1142 Rutilo
782 1092 812 1140 et
835 1068 1037 1142 Seaurficitra
1052 1080 1144 1142 fidem

142 1179 195 1230 aut
209 1165 415 1229 obtrectationi
431 1163 503 1228 fuit:
528 1163 606 1228 aded
622 1165 745 1228 virtutes
761 1164 867 1238 iisdem
889 1166 1074 1250 temporibus
1089 1187 1146 1242 op·

141 1252 215 1316 timia
232 1253 423 1337 aestimantur,
434 1253 540 1338 quibus
554 1251 692 1316 facillime
708 1252 879 1335 gignuntur.
916 1254 957 1316 Ar
970 1254 1053 1333 nribi,
1065 1274 1146 1316 nunc

141 1352 296 1413 narraturo
313 1339 404 1402 vitam
421 1339 555 1403 defuncti
579 1339 719 1416 hominis,
743 1337 832 1401 venii
854 1359 930 1422 opus
950 1331 1023 1402 suti:
1055 1361 1145 1425 quam

140 1447 202 1490 non
218 1427 373 1510 petissem,
400 1427 430 1490 ui
445 1427 633 1490 incusaturus
648 1439 710 1488 tam
724 1445 803 1488 seva
819 1439 849 1488 et
864 1425 972 1488 infesta
987 1427 1146 1488 virtutibus

141 1525 291 1596 tempora.

185 1597 229 1664 ll.
253 1597 411 1701 Legimuss,
423 1598 493 1662 oum
510 1597 645 1660 Aruleno
660 1595 787 1660 Rustico
803 1595 906 1658 Paetus
917 1595 1065 1674 Thrasea,
1079 1595 1146 1659 He-

140 1685 247 1750 rennio
263 1685 425 1749 Senecioni
441 1683 564 1748 Priscus
580 1683 738 1746 Helvidius
753 1682 865 1744 laudati
882 1695 993 1760 essent,
1017 1683 1147 1767 capitale

142 1759 252 1835 fuisse:
276 1791 376 1854 neque
392 1771 421 1832 iu
438 1771 519 1854 ipsos
535 1769 626 1832 modb
642 1783 790 1845 auctores,
806 1769 902 1831 sedin
919 1769 1008 1832 libros
1024 1791 1145 1855 quoque

141 1876 248 1920 eornm
269 1841 416 1933 saeviffim,
433 1857 572 1939 delegato
587 1855 765 1920 Triumviris
786 1855 958 1932 ministeriu,
983 1871 1015 1920 ut
1039 1845 1147 1920 monus

140 1954 244 2006 menta
259 1941 488 2018 clarissimorum
504 1943 692 2025 ingeniorum
711 1943 740 2006 iu
756 1939 882 2006 comiti6
893 1963 929 2006 ac
946 1933 1017 2006 foro‘
1024 1965 1147 2007 ureren-
1222 1999 1227 2018 ,

141 2026 209 2092 tur.'
247 2026 380 2104 Scilicet,
396 2029 447 2090 illo
459 2029 527 2111 igne
540 2050 646 2092 vocem
663 2028 773 2112 Populi
787 2028 921 2091 Romani
934 2045 965 2093 et
979 2031 1146 2094 libertatem

141 2112 272 2180 Senatus
287 2129 318 2194 et
332 2115 682 2198 eonscientiamgeneris
697 2115 820 2177 humani
836 2115 948 2178 aboleri
963 2115 1147 2180 arbitraban·
1182 2115 1193 2148 “’

118 2215 200 2278 tur,
223 2187 357 2288 expulsis
383 2201 506 2284 iusuper
530 2201 683 2284 sapientiae
699 2187 925 2285 professoribus,
948 2217 1038 2286 atque
1064 2204 1146 2266 omni

140 2285 223 2354 bend
237 2301 300 2350 arte
315 2287 345 2350 in
362 2288 486 2350 exilium
503 2287 582 2365 actia,
606 2309 644 2350 ne
673 2288 744 2372 quid
768 2307 894 2370 usquam
920 2289 1077 2352 honestum
1094 2309 1147 2352 oo-

139 2387 286 2438 curreret.
319 2371 469 2438 Dedimus
481 2373 618 2459 profectui
627 2375 739 2456 grande
752 2375 902 2460 patientiae
914 2359 1147 2439 documentunfi

142 2468 273 2559 eugiout
290 2448 381 2525 vettffi
389 2477 458 2526 aetas
475 2463 556 2540 vidit,
574 2461 645 2548 quid
661 2461 797 2526 ultimum
813 2462 842 2524 in
855 2461 992 2526 libertate
1004 2477 1094 2540 esset,
1105 2476 1146 2526 ua

141 2545 293 2634 uos‘quid
311 2548 340 2612 in
356 2551 511 2628 servitute,
527 2549 650 2613 ademto
667 2570 722 2634 pet
737 2549 943 2634 inquisitiones
957 2564 988 2614 et
1002 2549 1146 2635 loquendi

140 2594 343 2728 audiendique
363 2639 557 2700 commercio.
604 2635 785 2700 Memoriam
813 2657 934 2720 quoque
960 2637 1054 2720 ipsam
1074 2657 1145 2700 cum

140 2711 479 2824 vprerdidissemus
502 2723 526 2786 si
548 2736 610 2786 tam
626 2723 656 2785 in
672 2721 775 2787 nostri
793 2736 941 2805 potestate
967 2737 1048 2787 esset
1070 2723 1146 2786 obli-

141 2805 332 2890 vrsnpqmin
348 2823 460 2872 tacere.

169 2878 244 2960 til.
268 2891 360 2956 Nunc
381 2894 502 2957 demum
526 2893 605 2958 redit
620 2894 754 2956 animus:
787 2906 819 2956 et
842 2913 1023 2978 quanquam,
1049 2893 1146 2977 primo

140 2975 239 3044 statim
254 2978 416 3042 beatissimi
432 2981 531 3042 saecuti
557 2995 635 3058 ortu,
663 2979 766 3042 Nerva
782 2978 886 3042 caesar
901 3001 948 3042 ras
963 2979 1033 3042 olim
1051 2981 1146 3044 disso-

141 3063 265 3130 ciabiles
291 3055 454 3143 misouerit,
479 3065 685 3151 Principatum
711 3087 746 3128 ac
772 3066 953 3142 libertatem,
977 3081 1146 3150 augeatque
1200 3143 1202 3147 ,

140 3151 274 3238 quotidie
304 3150 477 3216 felicitatem
508 3152 630 3237 lmperii
657 3151 763 3216 Nerva
784 3149 945 3236 Traianus,
973 3173 1030 3214 neo
1057 3171 1143 3235 spem
1224 3205 1230 3217 ,

140 3237 233 3302 modb
249 3259 284 3301 ac
301 3251 404 3301 votum
427 3229 569 3304 seodritas
597 3231 726 3324 publica,
749 3239 802 3301 sed
819 3239 910 3322 ipsius
927 3239 987 3301 voti
1004 3239 1146 3302 fiduciam

141 3346 177 3389 ao
203 3325 302 3400 robur,
330 3325 521 3389 assumserit:
553 3324 660 3389 naturis
686 3340 787 3388 tamen
814 3324 990 3388 infirmitatis
1006 3325 1144 3390 humane

138 3411 269 3476 tardiora
280 3425 350 3486 sunt
366 3399 509 3488 remedia,
526 3412 615 3498 quam
632 3412 731 3490 mala3
753 3425 840 3488 et‚‘ut
854 3433 979 3496 corpora
994 3411 1076 3476 lente
1092 3434 1146 3475 an-

140 3511 277 3582 gemunt,
301 3497 362 3561 citb
382 3499 623 3581 exstinguuntur,
647 3499 690 3564 sic
712 3499 740 3561 in
763 3490 830 3562 ania
846 3488 1006 3585 studiaque
1021 3479 1146 3584 oppref

139 3585 212 3648 seris
228 3584 354 3660 facilibs,
367 3585 456 3670 quim
473 3583 705 3650 revocaveris.><
719 3585 807 3648 Subit
820 3587 932 3671 quippe
945 3587 1035 3650 etiam
1053 3587 1144 3672 ipsius

139 3671 252 3736 inertia
268 3671 418 3736 dulcedo:
442 3687 473 3736 et
488 3673 581 3736 invisa
598 3671 694 3758 primb
714 3672 830 3736 desidia
846 3672 998 3757 postremb
1014 3687 1142 3736 amatur.
1163 3707 1165 3710 ·

140 3755 250 3833 Quid?
272 3759 366 3846 siper
382 3759 554 3845 quindecim
579 3782 684 3841 annos,
708 3760 822 3844 grande
846 3761 980 3826 mortalis
1003 3759 1058 3823 evi
1073 3777 1143 3842 spa·

132 3925 248 4006 flam
278 3917 353 4075 suf(
377 3951 487 4017 ceap
520 3935 738 3999 aeaeae(
761 3876 986 4005 (iasssll‘w
1004 3908 1106 4043 ff<
