2556 4446
410 399 457 441 nrt
480 376 701 441 Oatroarnrrs
726 375 912 441 Dranoeus.
1101 379 1166 442 253

208 540 317 606 XXII.
341 541 390 605 Ad
422 539 605 606 Ciceronem
633 542 732 618 venio,
753 541 802 605 eui
829 540 936 604 eadem
964 561 1064 623 pugna
1094 563 1165 606 cum
1262 565 1263 578 ¹

134 644 137 648 '
164 627 563 714 aequal'ibussuissuit,quae
586 629 659 692 rnihi
675 630 829 704 vobiscum
845 644 900 691 est.
946 627 992 690 llli
1009 629 1089 690 euim
1113 651 1167 692 au·
1262 685 1263 696 ,

87 724 90 734 “
163 717 263 801 tiquos
293 717 495 797 mirabantur3
519 718 582 800 ipse
612 737 734 779 suorum
763 723 932 798 temporum
960 714 1164 798 eloquentiam

163 803 385 886 anteponebat?
407 825 464 864 nee
491 801 553 864 ullai
578 823 613 865 re
637 800 732 882 magis
756 801 891 886 ejusdem
916 803 1008 864 etatis
1031 816 1164 864 oratores

153 889 325 974 precurrit,
353 889 442 973 quam
462 888 588 974 judicio.
645 887 765 950 Primus
789 889 870 950 enim
894 888 1028 953 excoluit
1057 889 1167 950 oratio·

164 977 376 1059 comprimus
399 990 430 1039 et
447 976 545 1040 verbis
562 975 718 1038 delectum
744 975 880 1038 adhibuit
900 989 931 1038 et
952 975 1163 1058 compositioni

163 1067 269 1139 artem,
285 1063 367 1125 locos
383 1083 503 1147 quoque
519 1063 652 1124 lectiores.
667 1061 820 1127 attentavit
836 1077 866 1123 et
883 1061 1027 1145 quasdam
1044 1075 1166 1126 senten·

162 1149 219 1212 tias
235 1149 367 1226 invenit3
390 1149 493 1234 utique
516 1149 546 1210 in
571 1148 616 1210 bis
629 1148 831 1224 orationibus,
849 1170 923 1232 quas
937 1149 1037 1210 senior
1054 1147 1118 1233 jam
1132 1162 1166 1214 et

157 1235 246 1321 juxta
261 1236 350 1298 finem
369 1235 434 1298 vitae
450 1235 631 1318 composuit,
647 1233 676 1296 id
701 1239 756 1310 est,
774 1235 932 1318 postquam
950 1233 1045 1316 magis
1067 1233 1166 1318 pros.-

166 1336 262 1399 oeret,
285 1343 401 1408 usuque
418 1336 449 1384 et
464 1321 678 1406 experimentis
694 1321 850 1398 didicerat,
867 1320 947 1407 quod
963 1323 1110 1406 optimum
1126 1321 1171 1384 di-

161 1409 250 1472 eendi
267 1429 362 1492 genus
379 1424 467 1473 esset.
514 1408 595 1472 Nam
612 1409 724 1492 priores
741 1407 806 1492 ejus
821 1409 971 1474 orationes
986 1431 1045 1472 nou
1062 1425 1166 1474 carent

162 1495 239 1559 vitiis
254 1497 456 1582 antiquitatis3
479 1495 576 1560 lentus
600 1510 646 1558 est
662 1496 690 1558 in
709 1496 870 1578 principiis,
889 1497 997 1576 longus
1018 1497 1046 1558 in
1064 1517 1165 1558 narra·

161 1581 302 1660 tionibus,
322 1585 435 1646 otiosus
461 1584 541 1645 circa
564 1603 720 1656 excessus,
742 1582 827 1643 tarde
853 1594 1073 1656 commovetur,
1097 1579 1164 1642 rarti

161 1659 328 1745 incalescit,
344 1669 429 1750 pauci
450 1689 555 1728 sensus
571 1666 642 1749 apte
655 1681 685 1727 et
700 1687 769 1727 cum
788 1665 917 1749 quodam
934 1666 1046 1730 lumine
1062 1666 1164 1730 terrui·

162 1769 287 1816 uantur:
312 1755 384 1815 nibil
406 1773 583 1835 excerpere,
606 1752 679 1812 nihil
703 1751 814 1813 relerre
839 1751 951 1834 possis:
976 1766 1017 1828 et,
1035 1750 1162 1816 velutin
1262 1795 1263 1800 κ

162 1839 227 1902 rudi
244 1839 378 1915 edificio,
395 1839 496 1900 firmus
511 1837 583 1900 sane
600 1837 697 1919 paries
713 1852 744 1898 et
760 1837 929 1914 duraturus,
945 1839 998 1900 sed
1015 1860 1074 1900 nou
1090 1837 1162 1902 satis

162 1926 313 2009 expolitus
329 1941 359 1998 et
369 1924 549 2008 splendens.
595 1923 665 2005 Ego
688 1940 788 1988 autern
810 1941 970 2000 oratorem,
987 1925 1063 1988 sicut
1078 1925 1164 1988 locu·
1262 1971 1263 1992 r

162 2012 274 2097 pletem
291 2033 326 2074 ac
342 2013 456 2074 lautum
474 2008 718 2094 patremfamilias,
734 2033 793 2074 non
811 2033 848 2074 eo
864 2011 979 2074 tantum
998 2013 1066 2076 volo
1082 2025 1163 2076 tecto
1262 2079 1263 2082 ,

161 2100 232 2179 tegi,
249 2098 329 2183 quod
346 2098 471 2160 imbrem
488 2117 524 2159 ac
540 2113 663 2160 ventum
676 2113 787 2174 arceat,
800 2098 852 2160 sed
870 2099 958 2163 etiarn
972 2099 1051 2184 quod
1066 2101 1162 2164 visum

162 2201 192 2249 et
206 2186 310 2249 oculos
333 2185 483 2246 delectet}
508 2205 567 2246 non
584 2183 622 2246 eb
636 2185 740 2247 solum·
757 2185 860 2247 instrui
881 2186 1080 2268 supellectile,
1097 2209 1162 2271 quae

162 2272 337 2336 necessariis
351 2271 453 2332 usibus
468 2271 618 2350 sufficiat3
641 2271 694 2333 sed
707 2273 765 2333 sint
781 2273 967 2354 inapparatu
984 2272 1048 2355 ejus
1063 2289 1092 2336 et
1108 2294 1163 2334 au·

161 2377 226 2422 rum
250 2374 280 2423 et
303 2375 439 2440 gemmae,
457 2370 493 2418 ut*
511 2377 630 2418 sumere
657 2359 686 2418 in
713 2377 817 2418 manus
841 2371 872 2428 et
896 2358 1029 2439 aspicere
1054 2358 1162 2441 saepit'rs

161 2445 272 2509 libeat:
295 2444 430 2530 quaedam
447 2442 520 2506 verb
536 2442 639 2527 procul
656 2459 822 2517 arceantur,
835 2457 867 2504 ut
879 2441 943 2526 jam
960 2443 1115 2508 obliterata
1131 2459 1162 2509 et

161 2533 289 2596 olentia:
314 2533 427 2595 nullum
452 2531 489 2593 sit
510 2530 634 2592 verbum
652 2530 732 2594 velut
754 2528 889 2609 rubigine
913 2527 1069 2606 iniectum,
1087 2531 1161 2594 nulli
1262 2529 1263 2602 l

160 2641 266 2685 sensns
280 2619 366 2684 tardit
380 2635 410 2682 et
426 2618 511 2682 inerti
527 2615 685 2692 structuri,
702 2617 729 2678 in
754 2637 868 2678 morem
887 2615 1061 2692 Annalium,
1076 2639 1161 2680 com·
1262 2645 1263 2702 3

160 2723 330 2792 ponantur3
354 2706 448 2788 fugiat
471 2703 581 2768 soedum
603 2719 633 2768 et
654 2703 796 2766 insulsam
821 2704 1041 2781 scurrilitatem,
1062 2706 1160 2768 variet
1262 2739 1263 2762 3

158 2796 420 2879 compositionem,
444 2810 501 2852 neo
524 2789 800 2853 omnes'clausulas
816 2812 876 2852 uuo
891 2805 922 2853 et
940 2791 1049 2854 eodem
1067 2792 1158 2856 modo
1262 2805 1263 2822 ¹

159 2883 311 2945 terminet.
356 2927 359 2932 .
436 2927 438 2934 .

201 2963 325 3028 XXlll.
350 2963 432 3028 Nolo
454 2963 575 3026 irridere
591 2968 600 2999 ‘
611 2975 707 3025 rotam
729 2961 854 3027 fortunae
870 2978 900 3028 et
916 2963 966 3048 jus
984 2964 1158 3028 Verrinum’

157 3065 188 3116 et
203 3052 287 3126 illud,
305 3051 393 3114 tertio
420 3057 545 3135 quoque¹
561 3072 654 3122 ,sensu
682 3051 710 3112 in
735 3052 873 3112 omnibus
899 3051 1081 3113 orationibus
1104 3071 1159 3131 pro

157 3137 307 3202 sententia
330 3138 471 3221 positum,
499 3145 587 3200 ‘esse
608 3137 764 3200 videatur.’
812 3137 892 3206 Nam
917 3153 947 3200 et
970 3138 1028 3198 hoc
1049 3137 1159 3200 invitus

157 3225 255 3304 retuli,
272 3240 302 3288 et
327 3226 410 3308 plura
425 3224 521 3300 omisi,
539 3245 604 3307 quae
628 3237 727 3285 tamen
752 3223 814 3286 sola
839 3224 980 3285 mirantur
998 3237 1088 3306 atque
1105 3243 1160 3286 ex·

158 3314 290 3400 primunt
314 3313 353 3388 hi,
378 3311 483 3395 quise
508 3311 645 3394 antiquos
669 3325 802 3372 oratores
827 3323 946 3387 vocant.
993 3307 1158 3373 Neminem

156 3400 328 3474 nominabo,
352 3419 446 3480 genus
469 3397 625 3461 hominum
646 3395 778 3480 signaisse
802 3409 979 3458 contentus:
1003 3396 1056 3460 sed
1074 3397 1158 3460 vobis

157 3487 261 3572 utique
279 3500 431 3547 versantur
446 3499 514 3546 ante
530 3482 644 3557 oculos,
662 3483 710 3566 qui
735 3479 886 3543 Lucilium
904 3503 958 3564 pro
975 3481 1113 3558 Horatio,
1129 3499 1160 3550 et
1194 3516 1197 3522 ·

157 3572 333 3637 Lucretium
353 3592 405 3653 pro
419 3567 555 3650 Virgilio,
571 3569 697 3649 legunt3
721 3569 828 3652 quibus
844 3568 1014 3652 eloquentia
1032 3571 1073 3633 tui
1094 3571 1158 3634 Au·

156 3660 217 3722 fidii
233 3659 332 3732 Bassi,
348 3671 398 3719 aut
423 3653 539 3718 Servilii
557 3654 697 3730 Noniani,
714 3675 753 3718 ex
774 3657 998 3738 comparatione
1023 3655 1157 3734 Sisenna

157 3761 208 3810 aut
225 3743 380 3820 Varronis,
396 3743 517 3819 sordet3
541 3743 589 3826 qui
614 3742 767 3806 rhetorum
784 3759 950 3805 nostrorum
968 3757 1157 3826 commenta-

150 3834 214 3896 ‘rios
230 3830 394 3908 fastidiunt,
410 3830 549 3907 oderunt,
566 3827 655 3892 Calvi
672 3830 831 3893 mirantur:
857 3852 942 3914 quos,
960 3831 1156 3913 more'priseo

156 3919 237 4006 apud
249 3918 385 4005 judicem
402 3915 578 3994 fabulantes,
595 3917 821 4066 nopssauditores
837 3934 1011 4002 sequuntur,
1024 3937 1083 3980 non
1101 3935 1156 3999 po·
