2484 4316
4 4 208 138 ΓΜ
279 131 282 136 ,

4 367 6 390 Ι
106 281 148 348 A.
165 280 206 346 C.
222 281 291 364 69.]
384 279 528 346 Hrsroa.
555 279 630 346 Lrs.
654 280 829 357 Quassus.
1044 287 1106 350 167

106 467 163 532 per
182 445 365 510 connubium
391 446 523 524 sociatis,
550 447 661 532 quique
684 468 756 510 mox
772 446 952 530 provenere,
975 447 1039 513 haec
1055 471 1108 534 pa·

4 551 6 580 ³
106 535 162 597 tria
178 547 235 598 est.
281 531 311 596 N
314 555 350 596 ec
366 555 420 596 vos
436 533 513 596 aded
528 534 645 618 iniquos
661 535 879 613 existimamus,
894 549 928 600 ut
950 535 1074 601 interfici
1090 558 1108 600 a

51 653 55 660 ·
106 621 193 684 nobis
209 635 359 704 parentes,
376 619 489 696 fratres,
505 620 613 684 liberos
634 635 750 684 nostros
765 621 873 684 velitis.
920 620 1061 704 Vectigal
1077 637 1109 686 et

106 728 200 770 onera
222 707 471 770 commerciorum
488 706 674 770 resolvimus.
720 707 788 770 Sint
812 707 951 772 transitus
977 709 1109 774 incusto-

107 794 158 858 diti
173 815 181 871 ;
204 793 257 858 sed
273 793 370 856 diurni
382 807 413 856 et
428 793 577 857 inermes:
604 793 701 857 donec
717 815 794 858 nova
810 809 841 857 et
856 795 988 860 recentia
995 796 1063 880 jura
1078 797 1108 860 in

107 894 287 946 vetustatem
310 881 527 944 consuetudine
550 894 714 944 vertantur.
749 880 904 944 Arbitrum
932 882 1109 948 babebimus

107 965 239 1032 Civilem
267 980 298 1030 et
314 966 476 1044 Veledam,
501 968 581 1052 apud
607 989 681 1052 quos
708 981 796 1052 pacta
818 968 1011 1032 saucientur.²
1057 969 1109 1034 Sic

107 1054 205 1122 lenitis
219 1051 392 1133 Tencteris,
414 1054 504 1137 legati
520 1055 557 1118 ad
574 1053 705 1118 Civilem
722 1069 753 1118 et
763 1052 914 1118 Veledam
934 1055 1015 1118 missi
1037 1077 1108 1119 cum

109 1141 205 1217 donis,
231 1155 339 1204 cuncta
366 1163 407 1204 ex
427 1141 577 1206 voluntate
593 1141 859 1226 Agrippinensium
885 1141 1108 1226 perpetravere.

109 1227 172 1292 Sed
187 1249 289 1292 coram
305 1229 386 1291 adire
409 1229 579 1314 alloquique
594 1227 745 1291 Veledam
761 1242 916 1310 negatum.
953 1229 1110 1292 Arceban·

109 1328 157 1378 tur
172 1329 309 1400 aspectu,
326 1315 385 1400 qud
409 1315 607 1378 venerationis
629 1316 694 1400 plus
710 1315 832 1378 inesset.
877 1315 945 1400 Ipsa
972 1314 1055 1378 editi
1079 1316 1110 1380 in

108 1415 208 1465 turre:
233 1402 402 1465 delectuse
427 1403 600 1485 propinquis
614 1401 751 1464 consulta
766 1421 980 1486 responsaque,
1006 1416 1040 1466 ut
1064 1401 1110 1466 in·

109 1489 275 1553 ternuntius
287 1487 438 1566 Numinis,
455 1489 603 1572 portabat.
955 1535 958 1542 .

152 1573 277 1638 LXVI.
302 1574 418 1651 Civilis,
430 1575 573 1638 societate
589 1574 857 1658 Agrippinensium
874 1587 991 1650 auctus,
1007 1574 1109 1658 proxi·

109 1683 174 1724 mas
197 1661 332 1724 civitates
356 1661 508 1736 affectare,
533 1674 585 1722 aut
609 1660 835 1723 adversantibus
861 1660 974 1724 bellurn
990 1659 1110 1740 inferre,

109 1747 223 1812 statuit.
268 1746 492 1830 Occupatisque
505 1745 636 1823 Sunicis,
652 1761 682 1808 et
693 1746 854 1831 juventute
870 1767 974 1810 eorum
992 1767 1046 1830 per
1059 1767 1111 1810 co-

110 1835 213 1896 hortes
228 1831 403 1916 compositi,
431 1831 491 1917 qud
514 1831 612 1896 mimis
628 1832 706 1896 ultra
722 1845 871 1916 pergeret,
887 1831 1033 1897 Claudius
1049 1832 1110 1896 La·

109 1920 170 1982 beo
186 1918 374 1982 Betasiorum
390 1918 644 2004 Tungrorumque
667 1935 698 1982 et
721 1917 904 1982 Nerviorum
919 1918 1112 1984 tumultuanti

4 2039 5 2042 ¹
110 2027 203 2070 manu
223 2005 351 2069 restitit:
375 2004 466 2068 fretus
482 2007 560 2082 loco,
577 2007 644 2091 quia
662 2021 785 2090 pontem
802 2005 896 2070 Mose
912 2005 1044 2071 fluminis
1059 2028 1111 2070 an·

111 2105 275 2176 receperat.
320 2091 576 2177 Pugnabaturque
606 2094 635 2156 in
663 2093 805 2175 angustiis
835 2092 987 2176 ambiguis,
1013 2093 1111 2158 donee

112 2179 254 2244 Germani
272 2193 487 2244 transnatantes
497 2194 581 2262 terga
593 2178 745 2242 Labeonis
760 2178 909 2242 invasere.
947 2179 1043 2244 Simul
1058 2180 1112 2244 ci·

16 2332 19 2336 ,
111 2266 188 2341 vilis,
204 2287 304 2342 ausus,
320 2287 358 2328 an
374 2287 414 2330 ex
425 2267 604 2350 composito,
619 2266 716 2328 intulit
731 2286 764 2329 se
780 2266 889 2349 agmini
905 2263 1111 2350 Tungrorum,

112 2350 238 2418 atelani
254 2373 349 2416 voce:
372 2352 463 2416 ‘Non
479 2352 570 2431 ided,'
596 2353 703 2438 inquit,
725 2352 857 2416 ‘bellum
879 2353 1051 2431 sumsimus,
1078 2366 1112 2418 ut

111 2437 221 2504 Batavi
242 2454 273 2503 et
287 2437 415 2502 Treveri
431 2440 567 2522 gentibus
584 2439 743 2523 imperent.
788 2437 899 2503 Procul
915 2439 980 2503 bec
996 2460 1012 2502 a
1028 2439 1112 2504 nobis

112 2527 299 2607 arrogantia:
324 2526 427 2610 accipe
451 2527 646 2592 societatem:
677 2525 877 2608 transgredior
903 2526 940 2589 ad
969 2547 1032 2602 vos,
1058 2546 1113 2590 seu

111 2633 161 2676 me
176 2612 309 2690 Ducem,
336 2634 388 2676 seu
416 2614 552 2690 militem,
580 2611 741 2676 mavultis!
787 2611 972 2676 Merebatur
993 2611 1111 2695 vulgus,

111 2699 342 2784 condebantque
364 2699 501 2782 gladios3
523 2700 593 2764 edm
620 2698 797 2783 Campanus
819 2719 855 2762 ac
877 2696 1045 2773 luvenalis,
1071 2718 1113 2762 ex

136 2786 291 2850 rimoribus
316 2784 520 2868 Tungrorum,
546 2787 717 2850 universam
748 2785 776 2846 ei
802 2798 923 2866 gentem
955 2783 1112 2848 dedidere.

112 2808 230 2948 babeo,
247 2886 408 2957 antequam
419 2873 696 2948 circumveniretur,
709 2867 850 2954 profugit.
895 2868 1003 2933 Civilis
1019 2869 1113 2934 Beta-

112 2959 172 3022 sios
187 2981 307 3043 quoque
330 2981 365 3022 ao
381 2957 522 3034 Nervios,
538 2958 567 3020 in
584 2958 674 3020 fidem
698 2971 852 3037 acceptos,
874 2955 970 3040 copiis
984 2957 1044 3018 suis
1060 2955 1114 3018 ad·

108 3045 227 3133 junxit:
251 3047 357 3126 ingens
371 3066 481 3120 rerum,
494 3043 638 3128 perculsis
652 3042 806 3106 civitatum
821 3041 937 3120 animis,
947 3041 996 3105 vel
1007 3057 1113 3127 sponte

113 3131 334 3198 inclinantibus.

156 3216 296 3282 LXVII.
321 3216 440 3280 lnterea
463 3214 562 3280 Julius
579 3215 719 3291 Sabinus,
743 3214 882 3300 projectis
901 3212 1022 3280 faederis
1048 3213 1115 3280 Ro·

110 3305 193 3371 mani
206 3304 417 3379 monumentis,
439 3300 588 3365 Cesaram
604 3324 637 3365 se
652 3302 772 3364 salutari
784 3301 890 3388 jubet:
914 3323 1114 3388 magnamque

110 3409 144 3458 et
160 3391 342 3454 inconditam
360 3389 545 3472 popularium
571 3389 688 3452 turbam
713 3389 742 3451 in
766 3389 924 3475 Sequanos
939 3389 1027 3472 rapit,
1042 3411 1117 3454 con·

113 3478 272 3544 terminum
288 3476 441 3540 civitatem
464 3491 494 3539 et
510 3475 594 3539 nobis
616 3476 718 3539 fidam.
763 3475 832 3540 Nec
848 3475 981 3561 Sequani
997 3476 1115 3540 detrec·

111 3564 217 3630 tuvbre
241 3578 406 3626 certamen.
452 3561 589 3626 Fortuna
611 3562 783 3626 melioribus
807 3563 902 3626 affuit.
948 3561 1023 3625 Fusi
1041 3561 1115 3626 Lin-

104 3669 219 3735 gones.
265 3649 394 3714 Sabinus
407 3649 577 3714 festinatum
594 3649 708 3714 temer‘e
725 3649 857 3734 praelium
880 3649 942 3734 pari
958 3647 1114 3712 formidine

114 3739 257 3802 deseruit.
302 3736 405 3822 thue
422 3737 530 3802 santam
547 3737 630 3800 exitii
646 3737 690 3801 sui
707 3735 830 3812 faceret,
847 3736 959 3812 villam,
978 3735 1007 3797 in
1024 3756 1114 3820 quam

114 3826 295 3910 perfugerat,
311 3825 477 3890 cremavit:
501 3824 562 3888 illic
579 3822 746 3888 voluntariis
769 3835 865 3888 morte
888 3821 1033 3886 interiisse
1049 3841 1115 3886 cre·
