2556 4446
129 367 194 434 234
470 365 512 430 C.
536 364 646 432 Contt.
668 365 794 430 thtrr

43 542 47 549 '
130 531 207 596 larct
222 531 377 616 gaudium,
393 529 483 616 qubm
498 481 645 594 metnmA
670 528 751 594 Satis
764 529 932 606 constabat,
946 505 1140 592 lecttltesta-

134 634 239 684 mento
262 620 421 696 Agricola,
445 641 505 703 quo
526 605 717 680 cohaeredem
743 617 865 699 optime
883 617 968 679 uxori
984 631 1014 678 ct
1038 617 1140 698 piissi-

134 728 192 770 me
208 707 273 769 filiae
289 706 496 770 Domitianum
517 705 646 788 scripsit,
669 705 801 767 laetatum
825 725 907 779 eum,
924 703 1005 766 velut
1021 703 1140 765 honore
1233 711 1234 716 ’

130 792 324 878 judicioque:
349 808 411 856 tatn
427 814 508 856 caeca
523 807 554 854 et
576 806 718 875 cormpta
734 811 820 854 meus
843 791 968 852 assiduis
990 789 1140 852 adulatio-

133 880 221 944 nibus
237 894 311 957 erat,
327 893 361 942 ut
383 879 522 957 nesciret,
546 879 659 942 abnuo
681 891 767 964 patre
787 877 953 942 conscribi
974 875 1140 956 heredem,

136 967 193 1030 nisi
210 968 321 1030 malum
338 966 525 1052 Principem.

179 1052 301 1116 XLlV.
325 1051 423 1116 Natus
439 1069 503 1116 erat
519 1052 671 1136 Agricola,
686 1051 766 1116 Caio
780 1051 901 1115 Caesare
915 1051 1036 1114 tertium
1053 1047 1141 1112 Con-
1233 1075 1234 1082 ³

135 1139 212 1216 sule,
229 1134 332 1202 ldibrls
346 1138 366 1201 J
370 1131 449 1204 uniis
456 1163 463 1204 :
488 1143 621 1204 excessit
635 1131 724 1202 sext6
739 1155 768 1203 et
784 1128 1032 1224 quinquagesimo
1046 1157 1140 1214 anno,

136 1225 257 1290 decimo
280 1217 436 1290 Kalendas
452 1213 651 1308 Septembris,
675 1225 807 1308 Collegit
823 1225 993 1308 Priscoque
1017 1221 1142 1286 Consu-

135 1311 224 1376 libus.
270 1298 364 1384 Quid
374 1313 398 1374 si
411 1313 546 1374 habitum
559 1333 679 1394 quoque
691 1311 756 1396 ejus
770 1313 878 1393 posteri
888 1332 1013 1374 noscere
1026 1309 1141 1390 velint;

136 1379 292 1462 decemidr
307 1395 397 1480 qudtn
409 1383 646 1460 subtimio‘rsuit:
671 1398 743 1458 nibil
759 1385 866 1458 metim
874 1399 903 1460 in
917 1398 1020 1460 vultu:
1045 1396 1142 1478 gratia

135 1485 195 1550 oris
224 1498 402 1567 supererat:
428 1483 541 1546 bonum
571 1483 667 1545 virum
699 1479 787 1544 facilia
813 1481 967 1558 crederes,
995 1501 1140 1562 magnum

137 1573 277 1637 libenter.
324 1569 366 1634 Et
381 1570 445 1654 ipse
469 1570 602 1654 quidem,
626 1589 797 1654 quanquam
813 1569 914 1630 medio
933 1569 963 1628 in
979 1569 1079 1649 spatio
1095 1568 1144 1630 in-

136 1675 227 1743 tegre
254 1659 347 1722 statis
378 1671 510 1741 ereptus,
533 1670 677 1742 quantum
704 1656 740 1718 ad
765 1655 900 1736 gloriam,
930 1653 1142 1734 longissimum

139 1769 235 1812 evum
263 1745 390 1830 peregit.
437 1742 565 1828 Quippe
589 1761 619 1810 et
642 1764 713 1806 vera
740 1743 828 1820 bona,
852 1763 918 1826 qua
933 1741 963 1804 in
980 1740 1143 1802 virtutibus

138 1835 195 1900 sita
223 1848 304 1910 sunt,
331 1831 519 1916 impleverat,
550 1845 581 1894 et
607 1829 823 1894 Consularibus
849 1851 885 1892 ac
911 1827 1141 1910 triumphalibus

139 1919 322 1985 ornamentis
347 1919 480 2002 praedito,
504 1918 574 2003 quid
599 1918 679 1980 aliud
701 1933 833 1980 astruere
856 1914 972 1978 fortuna
998 1915 1140 1998 poterat?

140 2005 261 2091 Opibus
277 2007 374 2068 nimiis
390 2027 449 2068 non
467 2004 636 2086 gaudebat;
659 2005 801 2088 speciosae
817 2003 1015 2086 contigerant.
1059 1997 1144 2062 Filia

141 2107 232 2177 atque
247 2111 343 2154 uxore
363 2092 584 2174 superstitibus,
606 2104 706 2174 potest
721 2090 814 2153 videri
837 2091 928 2152 eriam
949 2088 1074 2163 beatus;
1096 2086 1143 2148 in-

141 2178 252 2246 columi
269 2177 422 2259 dignitate,
444 2175 570 2238 florente
595 2175 684 2252 sama,
708 2177 799 2240 salvis
817 2176 1006 2240 affinitatibus
1022 2188 1051 2236 et
1068 2173 1143 2236 ami-

140 2265 227 2344 citiis,
244 2265 342 2328 lutura
365 2263 517 2345 effugisse.
563 2261 657 2339 Nam,
673 2263 759 2326 sicnti
784 2263 892 2326 durare
915 2264 943 2325 in
960 2263 1016 2324 hac
1031 2259 1142 2323 beatis·

139 2353 206 2420 simi
222 2352 322 2418 saeculi
338 2351 418 2428 lnce,
435 2371 471 2414 ac
496 2349 670 2433 Principem
686 2349 853 2435 Trajannm
872 2350 986 2425 videre,
1008 2346 1139 2432 quodam

141 2440 264 2524 augurio
280 2439 419 2523 votisque
435 2437 515 2520 apud
539 2453 653 2500 nostras
669 2457 756 2500 aures
775 2437 980 2500 orninabatur:
1004 2435 1042 2498 ita
1059 2433 1142 2495 lesti-

137 2544 213 2592 natte
230 2526 331 2590 mortis
347 2524 460 2606 grande
477 2524 615 2587 solatium
627 2523 703 2599 tulit,
715 2523 848 2586 evasisse
865 2535 1049 2604 postremum
1066 2520 1141 2582 illud
1198 2561 1200 2566 ·

138 2629 269 2698 tempus,
286 2633 345 2696 quo
368 2611 571 2686 Domitianus,
588 2631 646 2672 non
669 2607 732 2692 jam
751 2629 804 2691 per
826 2608 981 2670 intervalla
997 2629 1032 2670 ac
1047 2607 1142 2690 spira·¹

139 2714 240 2766 menta
262 2711 446 2779 temporum,
470 2695 524 2758 sed
550 2696 692 2760 continuo
717 2708 749 2758 et
772 2693 853 2760 velut
876 2715 936 2758 uno
955 2695 1025 2771 ictu,
1042 2691 1141 2770 Rana]

87 2801 113 2872 'sp
141 2784 293 2870 publicam
309 2782 458 2846 exhausit.

181 2867 285 2934 XLV.
310 2867 381 2932 Non
398 2869 471 2936 vidit
487 2869 627 2952 Agricola
642 2869 796 2934 obsessam
815 2869 940 2947 curiam,
957 2882 988 2932 et
1002 2869 1139 2935 clausum

138 2958 226 3022 armis
243 2957 402 3035 Senatum,
419 2971 450 3020 et
465 2956 573 3020 eadem
586 2973 683 3039 strage
699 2972 744 3022 tot
755 2957 962 3021 Consularium
975 2956 1085 3031 caedes,
1097 2969 1142 3018 tot

138 3045 387 3112 nobilissimarum
415 3043 604 3108 soeminarum
632 3044 723 3106 exilia
749 3059 780 3109 et
803 3043 899 3125 sugas.
944 3041 1016 3106 Una
1040 3042 1141 3104 adhuc
1233 3095 1234 3100 ,

124 3125 263 3202 *victoriis
277 3131 377 3198 Carus
394 3129 504 3194 Metius
519 3130 710 3208 censebatur,
726 3146 757 3194 et
778 3131 853 3194 intra
870 3131 1021 3194 Albanam
1038 3149 1139 3191 arcem

137 3221 285 3286 sententia
309 3217 465 3282 Messalini
486 3217 648 3299 strepebat,
672 3233 702 3282 at
726 3216 828 3280 Massa
852 3216 967 3280 Bebius
989 3215 1137 3302 jamtum

139 3329 208 3374 reus
231 3321 306 3372 erat.
353 3303 431 3368 Mox
457 3319 564 3366 nostre
591 3302 707 3366 duxere
734 3302 910 3366 Helvidium
934 3305 962 3366 in
986 3323 1139 3366 carcerem

141 3415 268 3458 manus:
293 3415 347 3458 nos
365 3390 491 3456 Maurici
509 3386 689 3474 Rusticique
700 3390 822 3468 divisus,
838 3411 893 3453 nos
908 3390 1056 3453 innocenti
1073 3409 1142 3450 san-

142 3479 231 3561 guine
255 3479 386 3544 Senecio
418 3476 557 3563 perfudit.
604 3475 689 3540 Nero
719 3492 820 3541 tamen
849 3477 996 3542 subtraxit
1026 3475 1141 3552 oculos,

135 3564 284 3650 jussitque
299 3567 424 3642 scelera,
448 3586 507 3627 nnn
531 3564 677 3647 spectavit
691 3565 874 3648 :praecipua
893 3563 949 3626 sub
965 3559 1139 3626 Domitiano
1210 3603 1213 3610 .

139 3651 326 3714 miseriarum
344 3673 411 3734 pars
427 3666 501 3728 erat,
517 3651 619 3714 videre
635 3665 665 3714 et
681 3651 791 3734 aspici:
815 3652 885 3714 cirm
902 3649 1025 3734 suspiria
1041 3661 1140 3710 nostra
1233 3703 1234 3708 ,

138 3735 412 3802 subscriberentur:
437 3737 507 3800 cum
531 3737 709 3800 denotandis
733 3753 777 3801 tot
802 3739 957 3801 hominum
981 3735 1140 3820 palloribus

138 3821 289 3886 sufficeret
304 3843 400 3884 saevus
416 3824 466 3886 ille
483 3823 582 3886 vultus
599 3839 629 3886 et
644 3825 743 3900 rubor,
754 3845 814 3908 quo
829 3846 862 3889 se
877 3839 982 3887 contra
995 3821 1139 3905 pudorem

136 3906 303 3974 muniebat.
349 3907 400 3973 Tu
417 3907 582 3988 verdfelix,
600 3910 755 3994 Agricola,
772 3933 831 3976 non
849 3912 915 3978 vitae
929 3909 1043 3974 tannim
1055 3907 1141 3972 clari·
1233 3905 1234 3910 ’
