2556 4446
398 331 443 376 nn
467 311 686 376 Outuotusus
709 309 894 376 Dramaus.
1085 305 1149 380 ata

144 469 240 559 'quim
258 474 365 539 divitie
381 489 410 539 et
423 468 516 560 opes,
527 497 601 560 quas
616 475 730 539 facilius
746 477 889 554 iuvenies,
915 475 966 560 qui
989 476 1151 561 vituperet,

149 562 241 645 quam
258 563 313 646 qui
326 561 463 626 fastidiat.
511 561 567 625 His
583 563 670 644 igitur
693 559 724 626 et
747 564 907 626 honoribus
923 577 954 626 et
969 567 1153 628 ornamentis

150 647 182 712 et
197 647 385 712 facultatibus
408 647 532 712 refertas
556 649 662 712 domos
689 671 792 712 eurum
810 651 955 725 videmus,
980 650 1031 733 qui
1057 669 1090 712 se
1113 652 1153 714 ab

149 735 271 800 ineunte
296 735 499 799 adolescentia
524 736 622 799 causis
648 733 813 800 forensibus
843 750 874 798 et
900 737 1028 800 oratorio
1051 735 1153 800 studio

148 821 309 884 dederunt.
431 838 434 842 ·
854 837 877 872 A
1142 837 1145 847 ·

192 905 252 972 IX.
277 905 503 972 Nam'carmina
519 921 550 972 et
566 927 680 986 versus,
697 907 804 994 quibus
820 921 912 973 totam
929 909 1019 972 vitam
1037 907 1153 973 Mater·

149 1013 206 1058 nus
222 995 372 1057 insumere
387 1010 470 1079 optat
489 995 575 1080 (inde
594 997 676 1061 enim
699 997 795 1058 omnis
811 995 898 1058 fluxit
921 997 1030 1080 oratio)
1053 1016 1153 1080 neque

149 1081 325 1170 dignitatem
339 1081 428 1144 ullam
445 1083 617 1145 auctoribus
631 1082 692 1145 suis
707 1083 879 1160 conciliant,
896 1103 995 1168 neque
1012 1083 1154 1147 utilitates

148 1167 255 1230 alunt:
280 1168 465 1252 voluptatem
482 1183 583 1232 autem
599 1169 732 1246 brevem,
760 1169 881 1232 laudem
907 1170 1027 1235 inanem
1052 1183 1083 1232 et
1107 1169 1153 1231 in'·

150 1253 333 1318 fructuosam
355 1271 601 1340 consequuntur„
637 1248 807 1319 Licet-'hec
823 1257 898 1342 ipsa,
914 1271 945 1319 et
960 1276 1026 1340 que
1042 1255 1152 1320 deinde

140 1341 285 1404 dicturus
299 1363 377 1418 sum,
400 1363 488 1406 aures
503 1358 571 1421 tue,
586 1341 741 1421 Mateme,
758 1358 912 1428 respuant,
928 1345 975 1407 cui
993 1343 1073 1408 bono
1097 1355 1154 1422 est,

149 1427 174 1491 si
196 1427 275 1512 apud
299 1443 329 1491 te
345 1430 558 1510 Agamemnon
581 1445 633 1493 aut
654 1429 747 1494 lason
772 1431 883 1494 diserte
909 1431 1061 1513 loquitur?
1088 1430 1154 1514 quis

81 1521 85 1530 '
150 1513 220 1578 ideo
235 1515 358 1578 domum
372 1516 515 1580 delens'us
526 1535 555 1580 et
567 1517 619 1578 tibi
631 1517 779 1600 obligatus
791 1517 866 1579 redit
877 1519 888 1578 i
926 1514 1005 1586 Quis
1017 1514 1153 1576 Saleium

139 1604 296 1677 nostrum,
312 1597 618 1687 egregium'poetam,
641 1602 701 1678 vel,
717 1602 741 1664 si
758 1603 816 1664 hoc
832 1600 1074 1663 honorificentius
1095 1613 1154 1676 est,

149 1688 406 1770 preclarissimum
421 1702 520 1749 vatem
534 1687 667 1762 deducit,
678 1701 728 1750 aut
740 1687 862 1762 salutat,
875 1700 925 1748 aut
942 1685 1152 1770 prosequitur?
1266 1739 1267 1742 ,

149 1771 283 1856 Nempe,
299 1773 323 1836 si
340 1771 455 1836 amicus
470 1771 556 1858 ejus,
572 1773 597 1836 si
618 1773 816 1858 propinquus,
841 1773 864 1834 si
881 1771 1011 1856 denique
1033 1772 1098 1856 ipse
1121 1771 1153 1857 in
1177 1817 1180 1822 -
1266 1789 1267 1812 ³

142 1859 269 1942 aliquod
286 1859 439 1942 negotium
464 1859 610 1936 inciderit,
637 1858 675 1921 ad
702 1859 784 1922 hunc
807 1858 982 1924 Secundum
1008 1871 1152 1936 recurret,
1266 1881 1267 1888 ¹

148 1965 209 2008 nun
226 1945 263 2007 ad
280 1959 320 2022 te,
337 1943 488 2022 Materne,
506 1946 574 2030 quia
592 1959 681 2030 poeta
703 1961 752 2022 es',
764 1967 864 2030 neque
880 1961 912 2010 ut
928 1967 982 2030 pro
997 1967 1035 2009 eo
1049 1963 1153 2009 versus

148 2030 258 2096 iacias:
285 2031 313 2094 hi
330 2031 420 2094 etiem
438 2031 535 2095 Basso
551 2032 632 2095 domi
648 2047 822 2110 nascuntur,
843 2033 960 2118 pulchri
984 2032 1106 2118 quidem
1122 2045 1155 2096 et

144 2118 290 2204 jucundi:
312 2140 439 2204 quorum
457 2134 559 2183 tamen
581 2119 630 2182 hic
646 2121 745 2183 exitus
761 2136 817 2196 est,
833 2134 877 2197 ut,
900 2119 969 2182 otim
985 2134 1153 2196 torcanuo,

141 2225 205 2290 -per
219 2225 324 2268 omnes
337 2205 412 2283 dies,
425 2205 537 2290 magnai
551 2207 682 2270 noctium
697 2222 792 2290 perte,
805 2229 898 2269 unum
911 2203 1018 2268 librum
1030 2205 1153 2268 extudit

147 2306 181 2354 et
197 2291 394 2368 elucubravit,
416 2314 520 2375 rogare
537 2293 613 2356 ultrd
629 2307 661 2355 et
676 2294 790 2366 ambire
805 2307 938 2372 cogatur,
962 2305 994 2354 ut
1009 2292 1079 2366 sint,
1101 2289 1155 2374 qui

147 2378 310 2460 dignentur
324 2378 446 2442 audire:
471 2394 502 2442 et
517 2399 556 2442 ne
572 2378 740 2462 idquidem
764 2379 873 2460 gratis:
895 2397 964 2440 nam
981 2391 1013 2438 et
1028 2377 1154 2457 domum

149 2480 301 2529 mutuatur
320 2463 350 2530 et
367 2466 544 2530 auditorium
561 2465 686 2528 exstruit
707 2477 737 2528 et
760 2463 901 2528 subsellia
915 2463 1057 2526 conducit
1072 2476 1104 2524 et
1118 2462 1155 2525 li·

148 2551 245 2616 bellos
262 2553 427 2639 dispergit:
451 2568 493 2632 et,
509 2567 543 2617 ut
555 2551 743 2619 beatissimus
759 2551 966 2614 recitationem
983 2547 1047 2635 ejus
1059 2569 1154 2612 even·

148 2653 198 2704 tus
214 2639 433 2726 prosequatur,
448 2641 546 2705 omnis
569 2640 620 2703 illa
641 2639 705 2701 laus
729 2639 802 2702 intra
829 2659 922 2701 unum
948 2651 1000 2700 aut
1025 2637 1154 2702 alterum

147 2725 241 2803 diem,
258 2729 385 2791 velutin
404 2727 497 2790 herba
513 2727 560 2788 vel
576 2725 651 2788 flore
668 2739 827 2809 precepta,
855 2725 893 2788 ad
913 2725 1022 2789 nullam
1038 2739 1154 2788 certam

148 2825 181 2875 et
196 2814 321 2876 solidam
335 2813 471 2896 pervenit
487 2811 619 2890 lrugem:
647 2829 704 2872 nec
720 2825 771 2872 aut
794 2811 953 2873 amicitiam
970 2811 1040 2874 inde
1053 2810 1153 2888 refert,

147 2911 201 2960 aut
215 2899 396 2974 clientelam,
420 2911 471 2960 aut
491 2917 663 2960 mansurum
680 2898 720 2958 in*
731 2897 832 2958 animo
846 2896 1024 2981 cujusquam
1040 2894 1154 2958 benefi-

147 2985 239 3060 cium,
255 2984 309 3047 sed
324 2984 488 3046 clamorem
505 3005 614 3066 vagum
631 2997 662 3046 et
675 3003 765 3046 voces
780 2983 884 3045 inanes
900 2997 931 3044 et
946 2982 1087 3064 gaudium
1100 2999 1154 3044 vc·

148 3071 242 3134 lucre.
289 3071 495 3146 Laudavimus
518 3091 624 3154 nuper,
640 3083 672 3132 ut
696 3071 799 3135 miram
817 3083 848 3132 et
863 3069 1017 3144 eximiam,
1035 3065 1154 3151 Vespa·

147 3157 222 3220 siani
239 3157 458 3232 liberalitatem,
471 3155 551 3241 qudd
564 3157 727 3240 quingenta
742 3157 876 3219 sestertia
889 3156 988 3219 Basso
1000 3153 1154 3216 donasset.

148 3243 316 3308 Pulchrum
332 3244 361 3306 id
387 3243 520 3328 quidem,
544 3243 760 3324 indulgentiam
778 3242 928 3324 Principis
951 3242 1071 3322 ingenio
1087 3259 1152 3302 me·

148 3329 226 3394 reri:
251 3329 363 3414 quantit
379 3346 479 3394 tamen
493 3329 657 3414 pulchrius,
673 3330 696 3391 si
710 3329 749 3392 ita
766 3349 813 3392 res
825 3327 974 3390 familiaris
990 3326 1103 3407 exigat,
1119 3345 1153 3389 se

148 3418 247 3501 ipsum
263 3417 374 3492 colere,
391 3437 477 3480 suum
494 3415 616 3498 genium
633 3415 805 3498 propitiare,
828 3435 913 3476 suam
930 3413 1060 3496 experiri
1077 3411 1153 3476 libe·

148 3504 321 3567 ralitatem?
360 3503 480 3588 Adjice,
510 3500 590 3585 quod
607 3501 713 3586 poetis,
737 3502 762 3564 si
784 3499 876 3563 modi>
900 3500 1024 3582 dignum
1040 3499 1154 3584 aliquid

147 3589 302 3652 elaborare
319 3603 349 3653 et
364 3591 485 3652 efficere
501 3589 604 3664 velint,
626 3588 821 3672 relinquenda
836 3585 1026 3650 conversatio
1041 3587 1154 3650 amico·

148 3689 257 3738 mmet
269 3675 444 3760 jucunditas
454 3675 545 3752 urbis,
561 3675 730 3738 deserenda
744 3688 846 3737 cetera
862 3673 971 3749 officia,
988 3687 1081 3758 utque
1096 3672 1153 3755 ipsi

147 3761 264 3914 picum,
280 3761 314 3826 a'n
329 3783 451 3828 nemora
466 3772 494 3828 ct
509 3759 602 3842 lucos,
623 3761 725 3842 idest,
752 3761 782 3825 iu
798 3757 990 3826 solitudinem
1006 3759 1153 3824 seceden-

169 3863 294 3919 umest.
779 3871 781 3874 ·

11 2029 18 2072 l
