2484 4316
130 231 193 296 158
469 227 510 293 C.
535 226 644 293 Contu.
667 227 791 294 Trcrnt
918 229 973 313 [A.
990 227 1035 293 U.
1053 229 1129 294 822.

128 397 233 462 Pisoni
258 399 419 459 ‘nutantes
450 392 575 472 Gallias,
601 409 734 478 paratam
764 391 971 472 Germaniam,
995 394 1132 480 pericula

128 486 233 568 ipsius,
249 497 280 546 et
291 484 321 546 in
338 501 413 565 pace
425 480 568 564 suspecta
579 482 671 544 tutius
683 480 818 543 bellum!
863 479 1020 566 Interque
1033 481 1132 545 Clau·

129 573 196 636 dius
212 570 338 651 Sagitta,
355 565 519 630 Praesectus
539 569 591 630 alae
613 567 753 643 Feminae,
771 566 915 650 prospera
937 569 1132 649 navigatione

129 658 274 744 prevenit
289 655 456 737 Papirium,
480 652 710 730 Centurionem,
727 675 744 715 a
761 651 905 716 Muciano
918 655 1069 730 missum,
1086 675 1133 716 as·

128 743 339 825 severavitque
370 747 378 776 ‘
395 739 537 802 mandata
566 740 762 802 interficiendi
799 739 919 802 Pisonis
949 739 1132 804 Centurioni

128 832 209 894 data.
256 826 413 892 Cecidisse
430 825 637 902 Galerianum,
652 825 865 889 consobrinum
889 827 953 912 ejus
968 849 1133 908 generum·

129 939 199 1004 que.
244 913 346 978 Unam
373 913 403 976 in
428 911 555 975 audaciai
578 934 664 996 spem
688 913 801 975 salutis.
849 913 911 976 Sed
939 913 1000 976 duo
1022 915 1132 976 itinera

129 1001 281 1081 audendi;
304 1022 357 1063 seu
374 999 478 1062 mallet
492 1001 592 1062 statim
616 1020 709 1076 arma,
725 1019 777 1061 seu
803 999 899 1084 petita
913 1001 1038 1064 navibus
1055 999 1132 1062 Gal·

128 1089 180 1167 lia,
208 1087 329 1150 Ducem
354 1108 386 1150 se
403 1084 571 1149 Vitellianis
597 1086 780 1148 exercitibus
804 1087 999 1150 ostenderet!
1045 1085 1131 1149 Nihil

129 1177 167 1240 ad
184 1197 220 1238 ea
236 1188 318 1236 moto
334 1173 457 1250 Pisone,
474 1171 622 1236 Centurio
637 1195 654 1235 a
671 1171 816 1236 Muciano
832 1173 948 1250 missus,
958 1187 991 1236 ut
1008 1187 1130 1257 portum

128 1261 320 1343 Carthaginis
332 1260 438 1343 attigit,
451 1257 645 1342 magndvoce
660 1259 728 1322 laeta
740 1259 843 1322 Pisoni
858 1261 968 1337 omina,
985 1275 1130 1345 tanquam

128 1349 274 1432 Principi,
289 1349 485 1423 continuare;
508 1347 611 1408 obvios
627 1359 658 1408 et
673 1346 776 1410 subitae
793 1347 835 1408 rei
855 1347 1000 1410 miraculo
1019 1347 1131 1410 attoni·

127 1451 185 1513 tos,
201 1450 234 1504 ut
250 1434 358 1498 eadem
374 1448 571 1516 estreperent‚
585 1433 716 1495 hortari:
738 1433 846 1515 vulgus
860 1434 1029 1510 credulum,
1043 1453 1132 1498 ruere

127 1523 157 1587 in
174 1521 288 1585 lorum:
313 1519 522 1604 ‘praesentiam
547 1518 676 1582 Pisonis'
697 1540 877 1602 exposcere.
922 1519 1046 1584 Gaudio
1070 1521 1132 1583 cla-

126 1610 320 1693 moribusque
340 1622 449 1670 cuncta
466 1606 641 1682 miscebant,
664 1605 849 1688 indiligentia
864 1606 924 1669 veri
941 1621 972 1669 et
987 1605 1132 1670 adulandi

126 1697 262 1760 libidine.
308 1694 389 1771 Piso,
415 1692 524 1756 indicio
547 1692 683 1774 Sagittae,
699 1693 748 1755 vel
773 1692 860 1754 insita
884 1691 1044 1770 modestia,
1069 1713 1129 1756 non

127 1784 158 1847 in
176 1782 328 1867 publicum
352 1801 490 1862 egressus
512 1793 568 1857 est,
584 1800 684 1863 neque
704 1800 737 1840 se
753 1779 858 1842 studiis
882 1780 960 1861 vulgi
982 1779 1130 1862 permisit.

127 1868 408 1951 Centurionemque
431 1880 653 1950 percunctatae,
678 1881 847 1950 postquam,
872 1867 1052 1950 ‘quesitum
1076 1865 1130 1928 sibi

127 1956 241 2019 crimen
261 1953 458 2037 caedemque‚'
474 1953 632 2037 competit,
650 1953 866 2016 ‘animadverti
882 1953 910 2014 in
935 1953 1015 2015 eum'
1027 1953 1130 2038 jussit,

126 2041 207 2106 haud
233 2039 357 2124 perinde
380 2060 434 2123 spe
458 2041 536 2116 vitae,
564 2038 653 2123 qualm
677 2038 721 2101 irai
747 2039 775 2101 in
802 2060 1021 2123 percussorem,
1047 2038 1128 2126 qudd

126 2129 208 2192 idem
224 2147 265 2188 ex
280 2124 520 2189 interlectoribus
536 2124 636 2188 Clodii
653 2123 759 2202 Macri,
774 2141 913 2188 cruentas
929 2125 1039 2207 Legati
1062 2148 1130 2190 san·

127 2215 218 2298 guine
235 2234 340 2276 manus
352 2212 389 2274 ad
405 2213 519 2276 caedem
536 2211 728 2276 Proconsulis
751 2212 911 2276 retulisset.
957 2213 1063 2276 Annio
1078 2213 1130 2274 de·

126 2302 198 2366 inde
214 2300 316 2363 edicto
339 2297 637 2381 Carthaginiensibus
660 2299 823 2382 increpitis,
838 2321 877 2362 ne
897 2299 983 2362 solita
1005 2300 1128 2382 quidem

126 2389 230 2452 munia
246 2386 419 2468 usurpabat,
434 2385 555 2448 clausus
578 2387 654 2448 intra
669 2384 803 2462 domum,
820 2407 857 2448 ne
874 2407 933 2470 qua
948 2385 1048 2449 motirs
1062 2384 1129 2448 novi

128 2494 220 2538 causa
237 2473 285 2534 vel
302 2470 378 2536 forte
393 2472 529 2535 oriretur.

173 2559 213 2622 L.
239 2558 314 2636 Sed,
329 2558 381 2620 ubi
404 2556 499 2620 Festo
520 2558 723 2621 consternatio
738 2558 829 2641 vulgi,
846 2557 1040 2622 Centurionis
1056 2579 1128 2642 sup·

128 2646 262 2732 plicium,
279 2665 409 2728 veraque
426 2657 457 2706 et
480 2643 563 2720 salsa,
589 2665 671 2707 more
687 2643 785 2722 lame,
801 2646 830 2708 in
846 2645 942 2730 majus
958 2647 1126 2720 innotuere,

128 2733 246 2818 equites
260 2731 289 2794 in
306 2751 414 2793 necem
430 2728 549 2793 Pisonis
565 2730 666 2793 mittit.
710 2730 757 2794 Illi
774 2732 879 2815 raptim
896 2733 984 2809 vecti,
1000 2732 1128 2796 obscuro

129 2821 230 2884 adbuc
256 2830 363 2902 coeptae
389 2816 475 2894 lucis,
499 2817 622 2878 domum
653 2815 846 2880 Proconsulis
872 2818 1052 2901 irrumpunt,
1076 2818 1127 2880 de·

129 2906 238 2970 strictis
253 2904 380 2986 gladiis:
405 2917 436 2966 et
451 2923 560 2984 magna
577 2924 645 2985 pars
660 2901 780 2968 Pisonis
795 2904 899 2985 ignari,
916 2903 995 2990 qudd
1013 2905 1126 2968 Poenos

129 2993 290 3056 auxiliares
306 2987 491 3073 Maurosque
507 2990 536 3052 iu
553 3010 620 3052 eam
636 2988 750 3052 cedem
767 2989 940 3072 delegerat:
963 2991 1042 3054 haud
1061 3013 1127 3075 pro·

129 3079 178 3141 cul
199 3077 354 3153 cubiculo,
370 3076 492 3138 obvium
508 3074 584 3138 sorte
600 3097 731 3153 servum,
747 3077 915 3161 ‘quisnam,
931 3091 961 3140 et
984 3079 1032 3140 ubi
1049 3092 1126 3141 esset

128 3164 202 3228 Piso
214 3163 237 3226 l'
261 3162 492 3246 interrogavere.
539 3161 662 3238 Servus,
678 3163 799 3244 egregio
814 3164 983 3241 mendacio,
1007 3173 1059 3226 ‘se
1076 3164 1126 3228 Pi-

129 3272 234 3314 scnem
251 3248 338 3324 esse,'
356 3249 532 3331 respondit:
556 3249 701 3311 aestatim
725 3249 935 3312 obtruncatur:
960 3273 1017 3314 nec
1032 3249 1124 3314 multd

128 3336 200 3422 pbst
215 3335 288 3398 Piso
302 3334 487 3407 interficitur.
532 3333 675 3420 Namque
698 3335 812 3412 aderat,
829 3337 878 3420 qui
902 3353 1048 3414 nosceret,
1063 3337 1124 3400 Be-

127 3423 195 3486 bius
217 3420 338 3500 Massa,
362 3441 379 3482 e
404 3421 651 3484 Procuratoribus
676 3421 796 3500 Alticae,
822 3421 886 3507 jam
916 3437 988 3486 tunc
1012 3425 1122 3506 optimo

129 3511 240 3592 cuique
257 3506 413 3584 exitiosus,
430 3523 460 3570 et
476 3507 505 3569 in
521 3529 627 3570 causas
645 3508 801 3586 malorum,
823 3531 888 3593 quaa
905 3531 977 3574 mox
994 3511 1120 3585 tulimus,

129 3595 237 3678 saepius
267 3592 426 3656 rediturus.
474 3593 585 3658 Festus
608 3595 787 3671 Adrumeto,
812 3597 861 3658 ubi
884 3582 1121 3680 speculabundus

128 3681 310 3757 substiterat,
326 3679 363 3742 ad
390 3680 541 3761 legionem
563 3682 727 3758 contendit,
753 3681 996 3768 Praesectumque
1015 3699 1121 3747 castro-

128 3788 204 3843 rum,
221 3765 400 3830 Cetronium
424 3765 569 3830 Pisanum
586 3768 688 3832 vinciri
707 3768 804 3854 jussit,
822 3771 955 3855 proprias
970 3771 1009 3834 ob
1024 3769 1121 3834 simul·
