2516 4250
139 213 180 280 A.
197 209 320 298 C.69.]
408 209 551 277 Hrsron.
575 207 650 276 Lm.
675 209 865 274 Snourrous.
1098 203 1142 276 79

142 399 213 465 que,
228 393 377 442 consensu
394 375 596 462 Haruspicum
611 397 618 439 :
643 388 674 440 et
685 397 802 440 summa
817 374 964 438 claritudo
971 373 1076 460 juveni
1090 379 1143 442 ad-

140 465 265 530 modum
284 463 473 546 Vespasiano
490 465 643 547 promissa.
689 461 751 525 Sed
778 460 873 546 primd
896 463 1086 546 triumphalia
1111 479 1143 530 et

142 551 328 617 Consulatus
344 566 374 612 et
389 549 524 612 Judaicae
542 549 670 612 victoriae
686 548 789 624 decus,
806 547 946 632 implesse
962 549 1051 612 fidem
1068 553 1144 614 omi·

142 637 188 701 nis
204 637 401 700 videbantur:
425 652 456 698 ut
474 637 536 698 haec
552 637 680 718 adeptus
691 649 747 712 est,
760 635 896 718 portendi
908 635 962 697 sibi
979 635 1144 720 Imperium

141 723 296 788 credebat.
343 723 398 784 Est
414 721 552 786 Jnrlaeam
569 723 646 784 inter
660 721 839 805 Syriamque
852 719 1023 798 Carmelus,
1040 724 1078 786 ita
1092 745 1145 786 vo·

104 821 107 826 '
142 823 214 874 cant
235 824 370 871 montem
386 808 571 892 Deumque:
602 829 659 870 nec
682 807 872 871 simulacrum
900 805 970 870 Deo
995 825 1045 871 aut
1068 825 1146 880 tem·

144 896 229 980 plum
252 897 341 959 situm
358 895 505 958 tradidere
522 893 668 971 ma‘ores3
698 915 779 956 aram
792 892 921 956 'tantiam
948 909 978 956 et
1004 917 1146 958 reveren·

143 983 228 1045 tiam.
274 981 338 1044 lllic
354 981 528 1044 sacrificanti
578 981 744 1065 aspasiam,
760 979 829 1042 cirm
845 1001 915 1062 spes
930 983 1063 1044 occultas
1080 1005 1147 1047 ver·

144 1082 224 1131 saret
247 1069 358 1143 animo,
375 1067 524 1130 Basilides
541 1067 700 1142 Sacerdos,
721 1067 861 1150 inspectis
877 1066 1039 1130 identidem
1057 1071 1146 1146 extis,

146 1152 325 1238 ‘Quicquid
341 1154 409 1230 est,’
426 1155 531 1238 inquit,
558 1151 777 1237 ‘Vespasiane,
799 1153 878 1237 quod
904 1175 999 1240 paras,
1022 1177 1075 1217 seu
1092 1156 1147 1219 do·

145 1261 229 1304 mum
243 1255 413 1316 exstruere,
429 1261 481 1302 seu
501 1239 647 1324 prolatare
663 1260 760 1320 agros,
775 1239 839 1302 sive
856 1241 999 1324 ampliare
1014 1243 1146 1320 servitia,

146 1327 234 1389 datur
255 1327 307 1389 tibi
332 1347 439 1407 magna
454 1328 553 1402 sedes,
579 1326 717 1406 ingentes
743 1325 871 1402 termini,
895 1327 1021 1389 multum
1051 1329 1147 1391 homi·

146 1411 243 1476 rrum.'
291 1411 355 1474 Has
370 1415 513 1490 ambages
540 1426 571 1475 et
596 1411 696 1474 statim
720 1414 884 1495 exceperat
901 1412 991 1490 sama,
1017 1429 1047 1476 et
1074 1429 1147 1478 tunc

147 1498 318 1584 aperiebat:
343 1521 398 1562 nec
422 1500 582 1583 quicquam
605 1495 701 1580 tnagis
727 1497 755 1559 in
780 1517 832 1560 ote
859 1497 908 1560 vul
931 1499 957 1560 i:
981 1501 1147 1566 crebriores

148 1584 227 1669 apud
251 1585 347 1668 ipsum
363 1605 540 1649 sermones:
570 1583 680 1668 quantb
695 1583 882 1666 sperantibus
898 1521 982 1666 qura
997 1586 1147 1650 dicuntur.

192 1668 346 1733 LXXlX.
374 1671 463 1734 Haud
488 1669 580 1732 dubiai
600 1669 798 1733 destinatione
822 1669 1005 1733 discessere:
1030 1671 1149 1736 Mucia·

148 1778 206 1820 nus
222 1757 427 1834 Antiochiam,
449 1755 656 1840 Vespasianus
671 1754 863 1840 Caesanteam:
890 1755 939 1818 illa
956 1756 1061 1840 Syrie,
1085 1760 1149 1823 haec

148 1842 262 1906 Judoea
287 1860 378 1928 caput
400 1858 456 1906 est.
503 1842 623 1905 luitium
648 1841 762 1904 serendi
785 1841 823 1904 ad
841 1839 1060 1926 Vespasianum
1087 1845 1150 1909 lm·

150 1930 225 2014 perii
241 1929 434 1994 Alexandria
458 1946 607 2012 coeptum,
630 1928 789 1992 festinante
811 1927 937 1991 Tiberio
963 1931 1149 2011 Alexandro,

150 2017 200 2101 qui
217 2014 365 2080 Kalendis
380 2015 468 2078 Juliis
483 2030 671 2080 sacramento
686 2014 750 2101 ejus
762 2014 895 2098 legiones
910 2015 1020 2098 adegit.
1059 2017 1150 2103 lsque

152 2102 266 2186 primus
281 2101 472 2186 Principattis
495 2103 559 2166 dies
582 2103 611 2166 in
636 2117 789 2186 posterum
812 2102 992 2178 celebratus,
1013 2106 1150 2188 quamvis

151 2187 298 2252 Judaicus
313 2189 465 2253 exercitus
488 2189 592 2273 quinto
606 2187 712 2251 Nonas
727 2187 823 2250 Julias
839 2189 919 2272 apud
941 2189 1039 2273 ipsum
1052 2190 1151 2276 jurias-

136 2289 208 2350 ω,
229 2295 267 2337 co
282 2276 400 2352 ardore,
417 2289 450 2338 ut
465 2294 503 2337 ne
518 2275 608 2339 Titus
620 2274 740 2360 quidem
757 2273 833 2336 filius
849 2291 1074 2358 expectaretur,
1091 2277 1152 2362 sy·

151 2359 197 2426 rit
219 2382 367 2436 remeans,
394 2377 424 2424 et
450 2362 641 2424 consiliorum
666 2360 744 2424 inter
767 2359 944 2424 Mucianum
970 2383 1006 2425 ac
1034 2377 1151 2447 patrem

152 2448 290 2510 nuntius:
306 2463 416 2510 cuncta
426 2448 538 2533 impetu
552 2447 677 2512 militum
690 2462 776 2512 acta:
800 2468 859 2510 non
872 2447 978 2532 paratis
992 2452 1151 2531 concione,

152 2555 213 2600 non
229 2533 398 2596 con'nnctis
413 2535 591 2617 legionibus.
1061 2573 1063 2578 .
1116 2599 1119 2604 ,

198 2619 260 2682 LX
297 2619 339 2682 X.
364 2619 448 2684 Dum
465 2621 603 2706 quaritur
618 2634 737 2705 tempus
752 2621 907 2706 locusque,
920 2622 1062 2708 quodque
1077 2623 1106 2686 in
1119 2645 1152 2688 re

154 2706 206 2772 tali
221 2707 441 2782 difficillimum,
458 2709 552 2792 prima
566 2727 642 2784 uox,
657 2708 728 2770 dum
745 2707 845 2769 animo
859 2729 940 2792 spes,
956 2709 1054 2786 timor,
1068 2711 1153 2788 ratio,

154 2815 242 2858 casus
256 2794 472 2870 obversantur;
496 2787 649 2876 egressum
665 2793 805 2856 cubiculo
820 2792 1039 2878 Vespasianum
1066 2798 1154 2879 pauci

155 2879 275 2956 milites,
301 2880 389 2942 solito
414 2882 587 2944 assistentes
612 2880 727 2956 ordine,
755 2892 786 2941 ut
809 2878 958 2962 Legatum
988 2883 1154 2960 salutaturi,

155 2965 369 3050 Imperatorem
385 2967 566 3029 salutavere.
611 2966 693 3028 Tum
710 2965 802 3028 ceteri
818 2987 984 3044 accurrere,
1006 2967 1156 3033 Cesaram

154 3069 187 3116 et
207 3051 391 3137 Augustum,
417 3068 448 3116 et
474 3055 575 3115 omnia
601 3050 791 3133 Principatirs
815 3052 959 3116 vocabula
982 3057 1155 3119 cumulare:

155 3159 242 3204 tnens
265 3159 283 3200 a
307 3154 388 3200 metu
404 3140 440 3201 ad
458 3137 604 3202 fortunam
621 3137 786 3202 transierat.
832 3137 866 3200 ln
890 3139 956 3223 ipso
978 3142 1049 3205 nihil
1067 3143 1156 3204 tumi-

156 3226 241 3302 dum,
257 3246 407 3307 arrogans,
424 3241 474 3288 aut
490 3227 518 3287 in
532 3227 620 3288 rebus
635 3225 718 3288 novis
730 3245 841 3288 novum
858 3224 922 3288 suit.
968 3225 1011 3290 Ut
1028 3228 1156 3310 primunr

121 3336 126 3346 ¹
157 3327 246 3375 tantae
263 3311 471 3374 vicissitudinis
486 3313 612 3374 offusam
625 3313 719 3374 oculis
734 3311 892 3392 caliginem
908 3312 1033 3398 disjecit,
1051 3316 1158 3378 milita·

158 3400 229 3463 riter
243 3399 372 3474 locutus,
396 3399 461 3460 laeta
485 3399 585 3460 omnia
601 3413 631 3461 et
646 3397 796 3460 affluentia
817 3400 958 3482 excepit:
982 3421 1112 3484 namque
1128 3401 1157 3464 id

157 3486 256 3570 ipsum
272 3486 432 3569 opperiens
449 3485 618 3559 Mucianus,
640 3485 769 3547 alacrem
784 3485 909 3548 militem
926 3486 954 3547 in
971 3487 1061 3549 rerba
1080 3485 1159 3550 Ves-

110 3654 113 3660 .
158 3572 272 3656 pasiani
295 3573 406 3653 adegit.
451 3571 535 3633 Tum
552 3571 803 3634 Antiochensium
826 3572 976 3634 theatrum
999 3573 1158 3652 ingressus,

159 3661 209 3722 ubi
225 3659 281 3722 illis
295 3659 466 3721 consultare
482 3679 547 3720 rrros
562 3671 619 3734 est,
635 3671 848 3721 concurrentes
863 3672 893 3721 et
909 3659 937 3721 in
956 3659 1158 3724 adulationem

158 3745 270 3810 effusos
285 3745 462 3831 alloquitur:
486 3743 557 3808 satis
568 3745 695 3808 decorus
707 3745 797 3808 etiam
813 3743 922 3808 Graecb
933 3742 1082 3825 facundiis,
1093 3769 1160 3810 om·
