<?xml version="1.0" encoding="UTF-8"?>
<!DOCTYPE html PUBLIC "-//W3C//DTD XHTML 1.0 Transitional//EN"
    "http://www.w3.org/TR/xhtml1/DTD/xhtml1-transitional.dtd">
<html xmlns="http://www.w3.org/1999/xhtml" xml:lang="en" lang="en">
 <head>
  <title>
</title>
<meta http-equiv="Content-Type" content="text/html;charset=utf-8" />
  <meta name='ocr-system' content='tesseract 3.04.00' />
  <meta name='ocr-capabilities' content='ocr_page ocr_carea ocr_par ocr_line ocrx_word'/>
</head>
<body>
  <div class='ocr_page' id='page_1' title='image "./ccorneliitaciti24tacigoog_0463.png"; bbox 0 0 2556 4446; ppageno 0'>
   <div class='ocr_carea' id='block_1_1' title="bbox 538 187 1133 290">
    <p class='ocr_par' dir='ltr' id='par_1_1' title="bbox 538 187 1133 290">
     <span class='ocr_line' id='line_1_1' title="bbox 538 187 1133 290; baseline 0.002 -1"><span class='ocrx_word' id='word_1_1' title='bbox 538 224 723 290; x_wconf 74' lang='lat' dir='ltr'>Aomcons.</span> <span class='ocrx_word' id='word_1_2' title='bbox 1068 187 1133 290; x_wconf 62' lang='lat'>225</span> 
     </span>
    </p>
   </div>
   <div class='ocr_carea' id='block_1_2' title="bbox 25 335 1218 3850">
    <p class='ocr_par' dir='ltr' id='par_1_2' title="bbox 383 335 756 404">
     <span class='ocr_line' id='line_1_2' title="bbox 383 335 756 404; baseline 0.003 -4"><span class='ocrx_word' id='word_1_3' title='bbox 383 337 412 400; x_wconf 92' lang='grc' dir='ltr'><em>Ι</em></span> <span class='ocrx_word' id='word_1_4' title='bbox 478 388 485 403; x_wconf 96' lang='grc'><strong>.</strong></span> <span class='ocrx_word' id='word_1_5' title='bbox 581 389 588 402; x_wconf 95' lang='grc'>.</span> <span class='ocrx_word' id='word_1_6' title='bbox 671 335 674 342; x_wconf 80' lang='grc'><strong>’</strong></span> <span class='ocrx_word' id='word_1_7' title='bbox 719 347 756 404; x_wconf 74' lang='lat' dir='ltr'>l.</span> 
     </span>
    </p>

    <p class='ocr_par' dir='ltr' id='par_1_3' title="bbox 167 386 1135 474">
     <span class='ocr_line' id='line_1_3' title="bbox 167 386 1135 474; baseline -0.001 -20"><span class='ocrx_word' id='word_1_8' title='bbox 167 386 303 454; x_wconf 90' lang='lat' dir='ltr'>XXVI.</span> <span class='ocrx_word' id='word_1_9' title='bbox 327 387 420 464; x_wconf 87' lang='lat' dir='ltr'>Quod</span> <span class='ocrx_word' id='word_1_10' title='bbox 437 388 487 452; x_wconf 81' lang='lat' dir='ltr'>ubi</span> <span class='ocrx_word' id='word_1_11' title='bbox 501 401 654 474; x_wconf 84' lang='lat' dir='ltr'>cognitum</span> <span class='ocrx_word' id='word_1_12' title='bbox 679 389 768 466; x_wconf 84' lang='lat' dir='ltr'>bostt,</span> <span class='ocrx_word' id='word_1_13' title='bbox 792 401 907 452; x_wconf 85' lang='lat' dir='ltr'>mutato</span> <span class='ocrx_word' id='word_1_14' title='bbox 922 393 1047 473; x_wconf 78' lang='lat' dir='ltr'>repente</span> <span class='ocrx_word' id='word_1_15' title='bbox 1062 411 1135 453; x_wconf 93' lang='lat' dir='ltr'>oon-</span> 
     </span>
    </p>

    <p class='ocr_par' dir='ltr' id='par_1_4' title="bbox 25 475 1143 582">
     <span class='ocr_line' id='line_1_4' title="bbox 25 475 1143 582; baseline 0.002 -44"><span class='ocrx_word' id='word_1_16' title='bbox 25 479 27 492; x_wconf 82' lang='grc'><em>“</em></span> <span class='ocrx_word' id='word_1_17' title='bbox 117 475 207 554; x_wconf 89' lang='lat' dir='ltr'>silio,</span> <span class='ocrx_word' id='word_1_18' title='bbox 226 477 358 539; x_wconf 90' lang='lat' dir='ltr'>universi</span> <span class='ocrx_word' id='word_1_19' title='bbox 374 497 482 538; x_wconf 89' lang='lat' dir='ltr'>nonam</span> <span class='ocrx_word' id='word_1_20' title='bbox 500 475 661 582; x_wconf 83' lang='lat' dir='ltr'>legionem,</span> <span class='ocrx_word' id='word_1_21' title='bbox 672 490 703 538; x_wconf 90' lang='lat' dir='ltr'>ut</span> <span class='ocrx_word' id='word_1_22' title='bbox 714 475 847 538; x_wconf 73' lang='lat' dir='ltr'>maxime</span> <span class='ocrx_word' id='word_1_23' title='bbox 863 475 1034 552; x_wconf 83' lang='lat' dir='ltr'>invalidam,</span> <span class='ocrx_word' id='word_1_24' title='bbox 1046 491 1143 540; x_wconf 89' lang='lat' dir='ltr'>nocte·</span> 
     </span>
    </p>

    <p class='ocr_par' dir='ltr' id='par_1_5' title="bbox 120 562 1134 646">
     <span class='ocr_line' id='line_1_5' title="bbox 120 562 1134 646; baseline -0.001 -21"><span class='ocrx_word' id='word_1_25' title='bbox 120 564 278 646; x_wconf 78' lang='lat' dir='ltr'>aggressi,</span> <span class='ocrx_word' id='word_1_26' title='bbox 306 563 383 625; x_wconf 88' lang='lat' dir='ltr'>inter</span> <span class='ocrx_word' id='word_1_27' title='bbox 397 583 536 625; x_wconf 90' lang='lat' dir='ltr'>somnum</span> <span class='ocrx_word' id='word_1_28' title='bbox 563 583 598 625; x_wconf 90' lang='lat' dir='ltr'>ac</span> <span class='ocrx_word' id='word_1_29' title='bbox 621 562 851 645; x_wconf 79' lang='lat' dir='ltr'>trepidationem</span> <span class='ocrx_word' id='word_1_30' title='bbox 876 567 959 625; x_wconf 86' lang='lat' dir='ltr'>oaesis</span> <span class='ocrx_word' id='word_1_31' title='bbox 986 563 1134 644; x_wconf 85' lang='lat' dir='ltr'>vigilibus,</span> 
     </span>
    </p>

    <p class='ocr_par' dir='ltr' id='par_1_6' title="bbox 117 633 1136 734">
     <span class='ocr_line' id='line_1_6' title="bbox 117 633 1136 734; baseline -0.003 -20"><span class='ocrx_word' id='word_1_32' title='bbox 117 640 286 732; x_wconf 68' lang='lat' dir='ltr'>irrupere(</span> <span class='ocrx_word' id='word_1_33' title='bbox 314 647 445 734; x_wconf 82' lang='lat' dir='ltr'>Jamque</span> <span class='ocrx_word' id='word_1_34' title='bbox 462 649 490 711; x_wconf 94' lang='lat' dir='ltr'>in</span> <span class='ocrx_word' id='word_1_35' title='bbox 507 633 692 732; x_wconf 59' lang='lat' dir='ltr'>ipsiscastris</span> <span class='ocrx_word' id='word_1_36' title='bbox 704 649 886 732; x_wconf 79' lang='lat' dir='ltr'>pugnabant,</span> <span class='ocrx_word' id='word_1_37' title='bbox 897 648 966 711; x_wconf 79' lang='lat' dir='ltr'>otim</span> <span class='ocrx_word' id='word_1_38' title='bbox 981 649 1136 731; x_wconf 81' lang='lat' dir='ltr'><strong>Agricola,</strong></span> 
     </span>
    </p>

    <p class='ocr_par' dir='ltr' id='par_1_7' title="bbox 117 719 1136 823">
     <span class='ocr_line' id='line_1_7' title="bbox 117 719 1136 823; baseline 0 -25"><span class='ocrx_word' id='word_1_39' title='bbox 117 719 184 798; x_wconf 71' lang='lat' dir='ltr'>ite‘r</span> <span class='ocrx_word' id='word_1_40' title='bbox 200 736 332 798; x_wconf 88' lang='lat' dir='ltr'>hostium</span> <span class='ocrx_word' id='word_1_41' title='bbox 349 735 386 797; x_wconf 90' lang='lat' dir='ltr'>ab</span> <span class='ocrx_word' id='word_1_42' title='bbox 402 734 641 823; x_wconf 74' lang='lat' dir='ltr'><strong>exploratoribus</strong></span> <span class='ocrx_word' id='word_1_43' title='bbox 657 734 792 813; x_wconf 87' lang='lat' dir='ltr'>edoctus,</span> <span class='ocrx_word' id='word_1_44' title='bbox 817 749 847 798; x_wconf 89' lang='lat' dir='ltr'>et</span> <span class='ocrx_word' id='word_1_45' title='bbox 872 727 1005 818; x_wconf 68' lang='lat' dir='ltr'>vestigiis</span> <span class='ocrx_word' id='word_1_46' title='bbox 1018 735 1136 798; x_wconf 91' lang='lat' dir='ltr'>insecu-</span> 
     </span>
    </p>

    <p class='ocr_par' dir='ltr' id='par_1_8' title="bbox 118 807 1136 912">
     <span class='ocr_line' id='line_1_8' title="bbox 118 807 1136 912; baseline 0 -28"><span class='ocrx_word' id='word_1_47' title='bbox 118 835 188 912; x_wconf 79' lang='lat' dir='ltr'>tps,</span> <span class='ocrx_word' id='word_1_48' title='bbox 208 821 414 906; x_wconf 87' lang='lat' dir='ltr'>velocissimos</span> <span class='ocrx_word' id='word_1_49' title='bbox 430 822 564 906; x_wconf 90' lang='lat' dir='ltr'>equitum</span> <span class='ocrx_word' id='word_1_50' title='bbox 587 821 782 906; x_wconf 79' lang='lat' dir='ltr'>peditumque</span> <span class='ocrx_word' id='word_1_51' title='bbox 798 807 940 886; x_wconf 56' lang='lat' dir='ltr'>assultme</span> <span class='ocrx_word' id='word_1_52' title='bbox 956 822 1045 905; x_wconf 81' lang='lat' dir='ltr'>tergis</span> <span class='ocrx_word' id='word_1_53' title='bbox 1061 843 1136 908; x_wconf 85' lang='lat' dir='ltr'>pug-</span> 
     </span>
    </p>

    <p class='ocr_par' dir='ltr' id='par_1_9' title="bbox 118 895 1137 994">
     <span class='ocr_line' id='line_1_9' title="bbox 118 895 1137 994; baseline 0.001 -23"><span class='ocrx_word' id='word_1_54' title='bbox 118 908 267 974; x_wconf 84' lang='lat' dir='ltr'>nantium</span> <span class='ocrx_word' id='word_1_55' title='bbox 280 895 379 994; x_wconf 64' lang='lat' dir='ltr'>jtlbet,</span> <span class='ocrx_word' id='word_1_56' title='bbox 401 929 473 970; x_wconf 82' lang='lat' dir='ltr'>mox</span> <span class='ocrx_word' id='word_1_57' title='bbox 494 908 532 970; x_wconf 88' lang='lat' dir='ltr'>ab</span> <span class='ocrx_word' id='word_1_58' title='bbox 546 907 691 970; x_wconf 88' lang='lat' dir='ltr'>universis</span> <span class='ocrx_word' id='word_1_59' title='bbox 707 907 795 993; x_wconf 89' lang='lat' dir='ltr'>adjici</span> <span class='ocrx_word' id='word_1_60' title='bbox 811 908 973 970; x_wconf 88' lang='lat' dir='ltr'>clamorem</span> <span class='ocrx_word' id='word_1_61' title='bbox 989 931 996 985; x_wconf 90' lang='grc'><strong>;</strong></span> <span class='ocrx_word' id='word_1_62' title='bbox 1021 922 1051 972; x_wconf 89' lang='lat' dir='ltr'>et</span> <span class='ocrx_word' id='word_1_63' title='bbox 1068 930 1137 993; x_wconf 91' lang='lat' dir='ltr'>pro-</span> 
     </span>
    </p>

    <p class='ocr_par' dir='ltr' id='par_1_10' title="bbox 121 983 1137 1080">
     <span class='ocr_line' id='line_1_10' title="bbox 121 983 1137 1080; baseline 0 -22"><span class='ocrx_word' id='word_1_64' title='bbox 121 993 250 1080; x_wconf 78' lang='lat' dir='ltr'>pinqub</span> <span class='ocrx_word' id='word_1_65' title='bbox 265 995 331 1056; x_wconf 89' lang='lat' dir='ltr'>luce</span> <span class='ocrx_word' id='word_1_66' title='bbox 348 983 575 1077; x_wconf 68' lang='lat' dir='ltr'>fulsere‘signa:</span> <span class='ocrx_word' id='word_1_67' title='bbox 599 994 639 1058; x_wconf 89' lang='lat' dir='ltr'>ita</span> <span class='ocrx_word' id='word_1_68' title='bbox 649 995 769 1078; x_wconf 90' lang='lat' dir='ltr'>ancipiti</span> <span class='ocrx_word' id='word_1_69' title='bbox 782 995 861 1058; x_wconf 87' lang='lat' dir='ltr'>malo</span> <span class='ocrx_word' id='word_1_70' title='bbox 873 997 963 1059; x_wconf 86' lang='lat' dir='ltr'>territi</span> <span class='ocrx_word' id='word_1_71' title='bbox 980 995 1137 1058; x_wconf 82' lang='lat' dir='ltr'>Britanni:</span> 
     </span>
    </p>

    <p class='ocr_par' dir='ltr' id='par_1_11' title="bbox 119 1081 1136 1168">
     <span class='ocr_line' id='line_1_11' title="bbox 119 1081 1136 1168; baseline -0.001 -23"><span class='ocrx_word' id='word_1_72' title='bbox 119 1094 157 1145; x_wconf 88' lang='lat' dir='ltr'>et</span> <span class='ocrx_word' id='word_1_73' title='bbox 174 1081 328 1144; x_wconf 90' lang='lat' dir='ltr'>Romanis</span> <span class='ocrx_word' id='word_1_74' title='bbox 344 1081 420 1144; x_wconf 89' lang='lat' dir='ltr'>redit</span> <span class='ocrx_word' id='word_1_75' title='bbox 445 1081 570 1156; x_wconf 89' lang='lat' dir='ltr'>animus,</span> <span class='ocrx_word' id='word_1_76' title='bbox 595 1101 642 1157; x_wconf 88' lang='lat' dir='ltr'>ac,</span> <span class='ocrx_word' id='word_1_77' title='bbox 669 1081 766 1144; x_wconf 90' lang='lat' dir='ltr'>securi</span> <span class='ocrx_word' id='word_1_78' title='bbox 783 1081 942 1159; x_wconf 76' lang='lat' dir='ltr'>desolate,</span> <span class='ocrx_word' id='word_1_79' title='bbox 966 1103 1019 1168; x_wconf 92' lang='lat' dir='ltr'>pro</span> <span class='ocrx_word' id='word_1_80' title='bbox 1041 1081 1136 1166; x_wconf 73' lang='lat' dir='ltr'>glorib</span> 
     </span>
    </p>

    <p class='ocr_par' dir='ltr' id='par_1_12' title="bbox 119 1165 1137 1253">
     <span class='ocr_line' id='line_1_12' title="bbox 119 1165 1137 1253; baseline 0.001 -21"><span class='ocrx_word' id='word_1_81' title='bbox 119 1167 298 1233; x_wconf 84' lang='lat' dir='ltr'>certabant.</span> <span class='ocrx_word' id='word_1_82' title='bbox 344 1165 434 1230; x_wconf 85' lang='lat' dir='ltr'>Ultrb</span> <span class='ocrx_word' id='word_1_83' title='bbox 446 1167 516 1252; x_wconf 91' lang='lat' dir='ltr'>quin</span> <span class='ocrx_word' id='word_1_84' title='bbox 529 1167 619 1230; x_wconf 89' lang='lat' dir='ltr'>etiam</span> <span class='ocrx_word' id='word_1_85' title='bbox 632 1166 779 1251; x_wconf 79' lang='lat' dir='ltr'>erupdre:</span> <span class='ocrx_word' id='word_1_86' title='bbox 803 1183 834 1231; x_wconf 90' lang='lat' dir='ltr'>et</span> <span class='ocrx_word' id='word_1_87' title='bbox 850 1168 903 1231; x_wconf 90' lang='lat' dir='ltr'>suit</span> <span class='ocrx_word' id='word_1_88' title='bbox 920 1183 1006 1232; x_wconf 86' lang='lat' dir='ltr'>atrox</span> <span class='ocrx_word' id='word_1_89' title='bbox 1022 1169 1051 1231; x_wconf 90' lang='lat' dir='ltr'>in</span> <span class='ocrx_word' id='word_1_90' title='bbox 1065 1169 1137 1253; x_wconf 88' lang='lat' dir='ltr'>ipsIs</span> 
     </span>
    </p>

    <p class='ocr_par' dir='ltr' id='par_1_13' title="bbox 121 1254 1218 1424">
     <span class='ocr_line' id='line_1_13' title="bbox 122 1254 1137 1341; baseline 0 -22"><span class='ocrx_word' id='word_1_91' title='bbox 122 1269 285 1339; x_wconf 91' lang='lat' dir='ltr'>portarum</span> <span class='ocrx_word' id='word_1_92' title='bbox 313 1255 457 1336; x_wconf 87' lang='lat' dir='ltr'>angustiis</span> <span class='ocrx_word' id='word_1_93' title='bbox 480 1255 624 1338; x_wconf 84' lang='lat' dir='ltr'>praelium,</span> <span class='ocrx_word' id='word_1_94' title='bbox 652 1254 749 1318; x_wconf 90' lang='lat' dir='ltr'>donec</span> <span class='ocrx_word' id='word_1_95' title='bbox 766 1255 841 1340; x_wconf 89' lang='lat' dir='ltr'>pulsi</span> <span class='ocrx_word' id='word_1_96' title='bbox 867 1255 987 1332; x_wconf 83' lang='lat' dir='ltr'>bostes3</span> <span class='ocrx_word' id='word_1_97' title='bbox 1010 1270 1137 1341; x_wconf 90' lang='lat' dir='ltr'>utroquo</span> 
     </span>
     <span class='ocr_line' id='line_1_14' title="bbox 121 1332 1218 1424; baseline 0 -20"><span class='ocrx_word' id='word_1_98' title='bbox 121 1341 269 1404; x_wconf 83' lang='lat' dir='ltr'>exercitu</span> <span class='ocrx_word' id='word_1_99' title='bbox 285 1355 429 1418; x_wconf 87' lang='lat' dir='ltr'>certante,</span> <span class='ocrx_word' id='word_1_100' title='bbox 440 1341 496 1417; x_wconf 83' lang='lat' dir='ltr'>bis,</span> <span class='ocrx_word' id='word_1_101' title='bbox 508 1357 541 1406; x_wconf 89' lang='lat' dir='ltr'>ut</span> <span class='ocrx_word' id='word_1_102' title='bbox 556 1342 658 1405; x_wconf 90' lang='lat' dir='ltr'>tulisse</span> <span class='ocrx_word' id='word_1_103' title='bbox 674 1363 776 1424; x_wconf 90' lang='lat' dir='ltr'>opem,</span> <span class='ocrx_word' id='word_1_104' title='bbox 792 1343 859 1417; x_wconf 92' lang='lat' dir='ltr'>illis,</span> <span class='ocrx_word' id='word_1_105' title='bbox 871 1363 910 1404; x_wconf 90' lang='lat' dir='ltr'>ne</span> <span class='ocrx_word' id='word_1_106' title='bbox 927 1332 1045 1422; x_wconf 68' lang='lat' dir='ltr'>eguisse</span> <span class='ocrx_word' id='word_1_107' title='bbox 1061 1363 1137 1404; x_wconf 86' lang='lat' dir='ltr'>aux·</span> <span class='ocrx_word' id='word_1_108' title='bbox 1215 1367 1218 1370; x_wconf 91' lang='lat'>·</span> 
     </span>
    </p>

    <p class='ocr_par' dir='ltr' id='par_1_14' title="bbox 121 1425 1137 1511">
     <span class='ocr_line' id='line_1_15' title="bbox 121 1425 1137 1511; baseline -0.001 -20"><span class='ocrx_word' id='word_1_109' title='bbox 121 1427 182 1492; x_wconf 90' lang='lat' dir='ltr'>ilio</span> <span class='ocrx_word' id='word_1_110' title='bbox 199 1427 381 1490; x_wconf 88' lang='lat' dir='ltr'>viderentur.</span> <span class='ocrx_word' id='word_1_111' title='bbox 428 1425 522 1500; x_wconf 81' lang='lat' dir='ltr'>Qubd</span> <span class='ocrx_word' id='word_1_112' title='bbox 539 1429 593 1490; x_wconf 93' lang='lat' dir='ltr'>nisi</span> <span class='ocrx_word' id='word_1_113' title='bbox 609 1428 735 1511; x_wconf 89' lang='lat' dir='ltr'>paludes</span> <span class='ocrx_word' id='word_1_114' title='bbox 750 1442 780 1491; x_wconf 92' lang='lat' dir='ltr'>et</span> <span class='ocrx_word' id='word_1_115' title='bbox 795 1427 889 1510; x_wconf 80' lang='lat' dir='ltr'>sylvae</span> <span class='ocrx_word' id='word_1_116' title='bbox 904 1427 1054 1509; x_wconf 84' lang='lat' dir='ltr'>fugientes</span> <span class='ocrx_word' id='word_1_117' title='bbox 1070 1443 1137 1492; x_wconf 81' lang='lat' dir='ltr'>tex·</span> 
     </span>
    </p>

    <p class='ocr_par' dir='ltr' id='par_1_15' title="bbox 85 1499 842 1588">
     <span class='ocr_line' id='line_1_16' title="bbox 85 1499 842 1588; baseline -0.005 -10"><span class='ocrx_word' id='word_1_118' title='bbox 85 1499 102 1556; x_wconf 62' lang='lat' dir='ltr'>l</span> <span class='ocrx_word' id='word_1_119' title='bbox 123 1513 236 1588; x_wconf 88' lang='lat' dir='ltr'>issent,</span> <span class='ocrx_word' id='word_1_120' title='bbox 254 1513 437 1576; x_wconf 88' lang='lat' dir='ltr'>debellatum</span> <span class='ocrx_word' id='word_1_121' title='bbox 454 1512 505 1576; x_wconf 80' lang='lat' dir='ltr'>illa</span> <span class='ocrx_word' id='word_1_122' title='bbox 518 1513 642 1576; x_wconf 69' lang='lat' dir='ltr'>victorii</span> <span class='ocrx_word' id='word_1_123' title='bbox 657 1512 742 1574; x_wconf 88' lang='lat' dir='ltr'>soret.</span> <span class='ocrx_word' id='word_1_124' title='bbox 836 1531 842 1546; x_wconf 81' lang='grc'><strong>’</strong></span> 
     </span>
    </p>

    <p class='ocr_par' dir='ltr' id='par_1_16' title="bbox 123 1582 1182 2376">
     <span class='ocr_line' id='line_1_17' title="bbox 174 1582 1146 1682; baseline -0.002 -18"><span class='ocrx_word' id='word_1_125' title='bbox 174 1598 321 1664; x_wconf 90' lang='lat' dir='ltr'>XXVII.</span> <span class='ocrx_word' id='word_1_126' title='bbox 346 1582 626 1682; x_wconf 70' lang='lat' dir='ltr'>Cujadeonstantiri</span> <span class='ocrx_word' id='word_1_127' title='bbox 647 1619 681 1661; x_wconf 91' lang='lat' dir='ltr'>ao</span> <span class='ocrx_word' id='word_1_128' title='bbox 698 1596 778 1660; x_wconf 72' lang='lat' dir='ltr'>Iamb</span> <span class='ocrx_word' id='word_1_129' title='bbox 793 1597 877 1661; x_wconf 79' lang='lat' dir='ltr'>seron</span> <span class='ocrx_word' id='word_1_130' title='bbox 894 1599 1053 1673; x_wconf 83' lang='lat' dir='ltr'>exercitus,</span> <span class='ocrx_word' id='word_1_131' title='bbox 1071 1585 1146 1662; x_wconf 74' lang='lat' dir='ltr'>‘nil</span> 
     </span>
     <span class='ocr_line' id='line_1_18' title="bbox 123 1673 1137 1772; baseline -0.004 -20"><span class='ocrx_word' id='word_1_132' title='bbox 123 1687 173 1752; x_wconf 90' lang='lat' dir='ltr'>hil</span> <span class='ocrx_word' id='word_1_133' title='bbox 191 1685 289 1749; x_wconf 88' lang='lat' dir='ltr'>virtuti</span> <span class='ocrx_word' id='word_1_134' title='bbox 314 1705 373 1748; x_wconf 86' lang='lat' dir='ltr'>suae</span> <span class='ocrx_word' id='word_1_135' title='bbox 396 1685 529 1772; x_wconf 79' lang='lat' dir='ltr'>inuium:</span> <span class='ocrx_word' id='word_1_136' title='bbox 554 1673 768 1769; x_wconf 75' lang='lat' dir='ltr'>penetrandam</span> <span class='ocrx_word' id='word_1_137' title='bbox 786 1683 997 1762; x_wconf 85' lang='lat' dir='ltr'>Caledoniam,</span> <span class='ocrx_word' id='word_1_138' title='bbox 1022 1687 1137 1748; x_wconf 86' lang='lat' dir='ltr'>inveni·</span> 
     </span>
     <span class='ocr_line' id='line_1_19' title="bbox 125 1771 1136 1857; baseline -0.003 -18"><span class='ocrx_word' id='word_1_139' title='bbox 125 1771 306 1856; x_wconf 88' lang='lat' dir='ltr'>endumque</span> <span class='ocrx_word' id='word_1_140' title='bbox 322 1771 444 1834; x_wconf 89' lang='lat' dir='ltr'>tandem</span> <span class='ocrx_word' id='word_1_141' title='bbox 455 1771 620 1834; x_wconf 78' lang='lat' dir='ltr'>Britannia</span> <span class='ocrx_word' id='word_1_142' title='bbox 637 1771 795 1836; x_wconf 88' lang='lat' dir='ltr'>terminum</span> <span class='ocrx_word' id='word_1_143' title='bbox 808 1771 950 1834; x_wconf 91' lang='lat' dir='ltr'>continuo</span> <span class='ocrx_word' id='word_1_144' title='bbox 967 1772 1136 1857; x_wconf 83' lang='lat' dir='ltr'>praeliorum</span> 
     </span>
     <span class='ocr_line' id='line_1_20' title="bbox 127 1841 1136 1944; baseline -0.002 -20"><span class='ocrx_word' id='word_1_145' title='bbox 127 1859 245 1937; x_wconf 90' lang='lat' dir='ltr'>cursu,&#39;</span> <span class='ocrx_word' id='word_1_146' title='bbox 269 1841 454 1922; x_wconf 67' lang='lat' dir='ltr'>fremebant:</span> <span class='ocrx_word' id='word_1_147' title='bbox 494 1875 584 1944; x_wconf 90' lang='lat' dir='ltr'>atque</span> <span class='ocrx_word' id='word_1_148' title='bbox 607 1859 648 1921; x_wconf 91' lang='lat' dir='ltr'>illi</span> <span class='ocrx_word' id='word_1_149' title='bbox 679 1857 770 1920; x_wconf 83' lang='lat' dir='ltr'>modb</span> <span class='ocrx_word' id='word_1_150' title='bbox 800 1849 878 1922; x_wconf 77' lang='lat' dir='ltr'>cadri</span> <span class='ocrx_word' id='word_1_151' title='bbox 909 1881 943 1922; x_wconf 90' lang='lat' dir='ltr'>ac</span> <span class='ocrx_word' id='word_1_152' title='bbox 973 1842 1136 1944; x_wconf 68' lang='lat' dir='ltr'>sapientes,</span> 
     </span>
     <span class='ocr_line' id='line_1_21' title="bbox 128 1929 1182 2032; baseline 0.001 -23"><span class='ocrx_word' id='word_1_153' title='bbox 128 1945 244 2032; x_wconf 87' lang='lat' dir='ltr'>promti</span> <span class='ocrx_word' id='word_1_154' title='bbox 272 1959 338 2029; x_wconf 88' lang='lat' dir='ltr'>post</span> <span class='ocrx_word' id='word_1_155' title='bbox 364 1960 505 2009; x_wconf 90' lang='lat' dir='ltr'>eventum</span> <span class='ocrx_word' id='word_1_156' title='bbox 532 1967 569 2008; x_wconf 92' lang='lat' dir='ltr'>ac</span> <span class='ocrx_word' id='word_1_157' title='bbox 598 1929 780 2030; x_wconf 74' lang='lat' dir='ltr'>magnilotsui</span> <span class='ocrx_word' id='word_1_158' title='bbox 800 1959 902 2026; x_wconf 79' lang='lat' dir='ltr'>erant.</span> <span class='ocrx_word' id='word_1_159' title='bbox 947 1945 1136 2031; x_wconf 73' lang='lat' dir='ltr'>Iniquissima</span> <span class='ocrx_word' id='word_1_160' title='bbox 1171 1937 1182 1985; x_wconf 45' lang='grc' dir='ltr'><em>ἶ</em></span> 
     </span>
     <span class='ocr_line' id='line_1_22' title="bbox 128 2018 1136 2117; baseline 0 -21"><span class='ocrx_word' id='word_1_161' title='bbox 128 2033 198 2096; x_wconf 83' lang='lat' dir='ltr'>baec</span> <span class='ocrx_word' id='word_1_162' title='bbox 213 2032 360 2096; x_wconf 89' lang='lat' dir='ltr'>bellorum</span> <span class='ocrx_word' id='word_1_163' title='bbox 376 2031 509 2096; x_wconf 90' lang='lat' dir='ltr'>conditio</span> <span class='ocrx_word' id='word_1_164' title='bbox 524 2047 587 2096; x_wconf 91' lang='lat' dir='ltr'>est:</span> <span class='ocrx_word' id='word_1_165' title='bbox 617 2053 760 2117; x_wconf 88' lang='lat' dir='ltr'>prospera</span> <span class='ocrx_word' id='word_1_166' title='bbox 776 2055 881 2096; x_wconf 89' lang='lat' dir='ltr'>ornnes</span> <span class='ocrx_word' id='word_1_167' title='bbox 901 2018 957 2095; x_wconf 70' lang='lat' dir='ltr'>sibi</span> <span class='ocrx_word' id='word_1_168' title='bbox 973 2033 1136 2110; x_wconf 86' lang='lat' dir='ltr'>vindicant,</span> 
     </span>
     <span class='ocr_line' id='line_1_23' title="bbox 130 2117 1141 2204; baseline -0.001 -21"><span class='ocrx_word' id='word_1_169' title='bbox 130 2120 259 2183; x_wconf 79' lang='lat' dir='ltr'>adversa</span> <span class='ocrx_word' id='word_1_170' title='bbox 276 2120 325 2182; x_wconf 91' lang='lat' dir='ltr'>uni</span> <span class='ocrx_word' id='word_1_171' title='bbox 348 2120 543 2204; x_wconf 86' lang='lat' dir='ltr'>imputantur.</span> <span class='ocrx_word' id='word_1_172' title='bbox 581 2117 623 2183; x_wconf 84' lang='lat' dir='ltr'>At</span> <span class='ocrx_word' id='word_1_173' title='bbox 639 2118 772 2184; x_wconf 88' lang='lat' dir='ltr'>Britanni</span> <span class='ocrx_word' id='word_1_174' title='bbox 788 2120 846 2182; x_wconf 89' lang='lat' dir='ltr'>non</span> <span class='ocrx_word' id='word_1_175' title='bbox 865 2120 984 2197; x_wconf 85' lang='lat' dir='ltr'>virtute,</span> <span class='ocrx_word' id='word_1_176' title='bbox 1008 2121 1061 2182; x_wconf 91' lang='lat' dir='ltr'>sed</span> <span class='ocrx_word' id='word_1_177' title='bbox 1084 2117 1141 2182; x_wconf 58' lang='lat' dir='ltr'>oc&lt;</span> 
     </span>
     <span class='ocr_line' id='line_1_24' title="bbox 129 2200 1137 2288; baseline -0.003 -19"><span class='ocrx_word' id='word_1_178' title='bbox 129 2206 253 2270; x_wconf 83' lang='lat' dir='ltr'>cesione</span> <span class='ocrx_word' id='word_1_179' title='bbox 269 2221 300 2268; x_wconf 90' lang='lat' dir='ltr'>et</span> <span class='ocrx_word' id='word_1_180' title='bbox 323 2221 384 2269; x_wconf 87' lang='lat' dir='ltr'>arte</span> <span class='ocrx_word' id='word_1_181' title='bbox 400 2200 469 2270; x_wconf 90' lang='lat' dir='ltr'>uso&#39;s</span> <span class='ocrx_word' id='word_1_182' title='bbox 485 2206 550 2284; x_wconf 91' lang='lat' dir='ltr'>rati,</span> <span class='ocrx_word' id='word_1_183' title='bbox 571 2205 644 2268; x_wconf 85' lang='lat' dir='ltr'>nihil</span> <span class='ocrx_word' id='word_1_184' title='bbox 661 2227 700 2267; x_wconf 85' lang='lat' dir='ltr'>ex</span> <span class='ocrx_word' id='word_1_185' title='bbox 717 2205 884 2286; x_wconf 68' lang='lat' dir='ltr'>arrogantia</span> <span class='ocrx_word' id='word_1_186' title='bbox 898 2207 1058 2282; x_wconf 86' lang='lat' dir='ltr'>remittere,</span> <span class='ocrx_word' id='word_1_187' title='bbox 1076 2205 1137 2288; x_wconf 85' lang='lat' dir='ltr'>qud</span> 
     </span>
     <span class='ocr_line' id='line_1_25' title="bbox 131 2277 1136 2376; baseline -0.002 -20"><span class='ocrx_word' id='word_1_188' title='bbox 131 2291 231 2356; x_wconf 78' lang='lat' dir='ltr'>minus</span> <span class='ocrx_word' id='word_1_189' title='bbox 242 2291 435 2376; x_wconf 85' lang='lat' dir='ltr'>juventutem</span> <span class='ocrx_word' id='word_1_190' title='bbox 453 2277 611 2369; x_wconf 78' lang='lat' dir='ltr'>armareiit,</span> <span class='ocrx_word' id='word_1_191' title='bbox 624 2292 768 2376; x_wconf 87' lang='lat' dir='ltr'>conjuges</span> <span class='ocrx_word' id='word_1_192' title='bbox 780 2313 815 2353; x_wconf 89' lang='lat' dir='ltr'>ac</span> <span class='ocrx_word' id='word_1_193' title='bbox 829 2292 936 2353; x_wconf 91' lang='lat' dir='ltr'>liberos</span> <span class='ocrx_word' id='word_1_194' title='bbox 952 2291 980 2354; x_wconf 92' lang='lat' dir='ltr'>in</span> <span class='ocrx_word' id='word_1_195' title='bbox 993 2291 1059 2353; x_wconf 89' lang='lat' dir='ltr'>loca</span> <span class='ocrx_word' id='word_1_196' title='bbox 1072 2305 1136 2376; x_wconf 82' lang='lat' dir='ltr'>tuta</span> 
     </span>
    </p>

    <p class='ocr_par' dir='ltr' id='par_1_17' title="bbox 25 2365 1136 2550">
     <span class='ocr_line' id='line_1_26' title="bbox 25 2365 1136 2461; baseline -0.002 -19"><span class='ocrx_word' id='word_1_197' title='bbox 25 2427 26 2430; x_wconf 63' lang='lat'>,</span> <span class='ocrx_word' id='word_1_198' title='bbox 131 2378 338 2457; x_wconf 80' lang='lat' dir='ltr'>transferrent,</span> <span class='ocrx_word' id='word_1_199' title='bbox 353 2365 482 2444; x_wconf 67' lang='lat' dir='ltr'>cobtibus</span> <span class='ocrx_word' id='word_1_200' title='bbox 498 2401 533 2442; x_wconf 88' lang='lat' dir='ltr'>ao</span> <span class='ocrx_word' id='word_1_201' title='bbox 548 2378 699 2442; x_wconf 89' lang='lat' dir='ltr'>sacrifieiis</span> <span class='ocrx_word' id='word_1_202' title='bbox 714 2378 966 2461; x_wconf 80' lang='lat' dir='ltr'>conspiratIonem</span> <span class='ocrx_word' id='word_1_203' title='bbox 983 2378 1136 2442; x_wconf 84' lang='lat' dir='ltr'>civitatum</span> 
     </span>
     <span class='ocr_line' id='line_1_27' title="bbox 132 2459 1078 2550; baseline -0.004 -20"><span class='ocrx_word' id='word_1_204' title='bbox 132 2465 300 2530; x_wconf 86' lang='lat' dir='ltr'>sancirent:</span> <span class='ocrx_word' id='word_1_205' title='bbox 326 2481 416 2550; x_wconf 89' lang='lat' dir='ltr'>atque</span> <span class='ocrx_word' id='word_1_206' title='bbox 432 2467 471 2530; x_wconf 87' lang='lat' dir='ltr'>ita</span> <span class='ocrx_word' id='word_1_207' title='bbox 483 2466 600 2530; x_wconf 87' lang='lat' dir='ltr'>irritatis</span> <span class='ocrx_word' id='word_1_208' title='bbox 615 2459 764 2549; x_wconf 72' lang='lat' dir='ltr'>utriusque</span> <span class='ocrx_word' id='word_1_209' title='bbox 781 2464 885 2528; x_wconf 88' lang='lat' dir='ltr'>animis</span> <span class='ocrx_word' id='word_1_210' title='bbox 901 2465 1078 2528; x_wconf 88' lang='lat' dir='ltr'>discessum.</span> 
     </span>
    </p>

    <p class='ocr_par' dir='ltr' id='par_1_18' title="bbox 132 2535 1218 2894">
     <span class='ocr_line' id='line_1_28' title="bbox 176 2535 1152 2636; baseline 0 -20"><span class='ocrx_word' id='word_1_211' title='bbox 176 2550 331 2616; x_wconf 90' lang='lat' dir='ltr'>XXVIII.</span> <span class='ocrx_word' id='word_1_212' title='bbox 356 2553 476 2616; x_wconf 74' lang='lat' dir='ltr'>Eadem</span> <span class='ocrx_word' id='word_1_213' title='bbox 493 2568 592 2618; x_wconf 79' lang='lat' dir='ltr'>estate</span> <span class='ocrx_word' id='word_1_214' title='bbox 608 2552 715 2616; x_wconf 88' lang='lat' dir='ltr'>cohors</span> <span class='ocrx_word' id='word_1_215' title='bbox 732 2549 917 2636; x_wconf 87' lang='lat' dir='ltr'>Usipiorum,</span> <span class='ocrx_word' id='word_1_216' title='bbox 940 2573 993 2636; x_wconf 89' lang='lat' dir='ltr'>per</span> <span class='ocrx_word' id='word_1_217' title='bbox 1009 2535 1152 2616; x_wconf 64' lang='lat' dir='ltr'>Germa-²</span> 
     </span>
     <span class='ocr_line' id='line_1_29' title="bbox 132 2633 1155 2722; baseline 0 -20"><span class='ocrx_word' id='word_1_218' title='bbox 132 2639 196 2702; x_wconf 90' lang='lat' dir='ltr'>nias</span> <span class='ocrx_word' id='word_1_219' title='bbox 211 2640 392 2722; x_wconf 86' lang='lat' dir='ltr'>conscripta,</span> <span class='ocrx_word' id='word_1_220' title='bbox 408 2641 437 2702; x_wconf 92' lang='lat' dir='ltr'>in</span> <span class='ocrx_word' id='word_1_221' title='bbox 454 2639 640 2702; x_wconf 85' lang='lat' dir='ltr'>Britanniam</span> <span class='ocrx_word' id='word_1_222' title='bbox 657 2639 838 2715; x_wconf 89' lang='lat' dir='ltr'>transmissa,</span> <span class='ocrx_word' id='word_1_223' title='bbox 863 2661 1003 2722; x_wconf 86' lang='lat' dir='ltr'>magnum</span> <span class='ocrx_word' id='word_1_224' title='bbox 1020 2661 1055 2701; x_wconf 85' lang='lat' dir='ltr'>ao</span> <span class='ocrx_word' id='word_1_225' title='bbox 1071 2633 1155 2703; x_wconf 85' lang='lat' dir='ltr'>mel</span> 
     </span>
     <span class='ocr_line' id='line_1_30' title="bbox 132 2721 1218 2802; baseline -0.002 -14"><span class='ocrx_word' id='word_1_226' title='bbox 132 2726 276 2788; x_wconf 79' lang='lat' dir='ltr'>motabile</span> <span class='ocrx_word' id='word_1_227' title='bbox 293 2724 407 2787; x_wconf 84' lang='lat' dir='ltr'>lacinus</span> <span class='ocrx_word' id='word_1_228' title='bbox 423 2721 566 2788; x_wconf 63' lang='lat' dir='ltr'>ausa‘est.</span> <span class='ocrx_word' id='word_1_229' title='bbox 605 2724 717 2788; x_wconf 88' lang='lat' dir='ltr'>Occiso</span> <span class='ocrx_word' id='word_1_230' title='bbox 730 2723 916 2787; x_wconf 88' lang='lat' dir='ltr'>Centurione</span> <span class='ocrx_word' id='word_1_231' title='bbox 930 2747 964 2788; x_wconf 89' lang='lat' dir='ltr'>ac</span> <span class='ocrx_word' id='word_1_232' title='bbox 981 2726 1135 2802; x_wconf 84' lang='lat' dir='ltr'>militibus,</span> <span class='ocrx_word' id='word_1_233' title='bbox 1216 2779 1218 2786; x_wconf 93' lang='lat'>.</span> 
     </span>
     <span class='ocr_line' id='line_1_31' title="bbox 133 2794 1138 2894; baseline 0.002 -24"><span class='ocrx_word' id='word_1_234' title='bbox 133 2810 196 2894; x_wconf 94' lang='lat' dir='ltr'>qui,</span> <span class='ocrx_word' id='word_1_235' title='bbox 219 2811 257 2872; x_wconf 89' lang='lat' dir='ltr'>ad</span> <span class='ocrx_word' id='word_1_236' title='bbox 282 2794 459 2872; x_wconf 80' lang='lat' dir='ltr'>tradendarir</span> <span class='ocrx_word' id='word_1_237' title='bbox 475 2809 662 2894; x_wconf 87' lang='lat' dir='ltr'>disciplinam</span> <span class='ocrx_word' id='word_1_238' title='bbox 686 2811 814 2872; x_wconf 83' lang='lat' dir='ltr'>immixti</span> <span class='ocrx_word' id='word_1_239' title='bbox 833 2801 1003 2894; x_wconf 62' lang='lat' dir='ltr'>manipulis,</span> <span class='ocrx_word' id='word_1_240' title='bbox 1030 2833 1138 2874; x_wconf 85' lang='lat' dir='ltr'>exem-</span> 
     </span>
    </p>

    <p class='ocr_par' dir='ltr' id='par_1_19' title="bbox 51 2895 1138 2981">
     <span class='ocr_line' id='line_1_32' title="bbox 51 2895 1138 2981; baseline 0 -23"><span class='ocrx_word' id='word_1_241' title='bbox 51 2929 56 2934; x_wconf 91' lang='lat'>·</span> <span class='ocrx_word' id='word_1_242' title='bbox 131 2895 214 2981; x_wconf 91' lang='lat' dir='ltr'>plum</span> <span class='ocrx_word' id='word_1_243' title='bbox 243 2909 274 2957; x_wconf 91' lang='lat' dir='ltr'>et</span> <span class='ocrx_word' id='word_1_244' title='bbox 300 2911 431 2960; x_wconf 88' lang='lat' dir='ltr'>rectores</span> <span class='ocrx_word' id='word_1_245' title='bbox 446 2896 643 2974; x_wconf 83' lang='lat' dir='ltr'>habebantur,</span> <span class='ocrx_word' id='word_1_246' title='bbox 668 2909 728 2960; x_wconf 90' lang='lat' dir='ltr'>tres</span> <span class='ocrx_word' id='word_1_247' title='bbox 752 2897 924 2973; x_wconf 87' lang='lat' dir='ltr'>liburnicas,</span> <span class='ocrx_word' id='word_1_248' title='bbox 948 2897 1060 2959; x_wconf 89' lang='lat' dir='ltr'>adactis</span> <span class='ocrx_word' id='word_1_249' title='bbox 1083 2916 1138 2980; x_wconf 89' lang='lat' dir='ltr'>per</span> 
     </span>
    </p>

    <p class='ocr_par' dir='ltr' id='par_1_20' title="bbox 25 2967 1139 3066">
     <span class='ocr_line' id='line_1_33' title="bbox 25 2967 1139 3066; baseline -0.002 -20"><span class='ocrx_word' id='word_1_250' title='bbox 25 2979 26 2982; x_wconf 47' lang='lat'>&#39;</span> <span class='ocrx_word' id='word_1_251' title='bbox 132 2983 193 3046; x_wconf 90' lang='lat' dir='ltr'>vim</span> <span class='ocrx_word' id='word_1_252' title='bbox 210 2982 464 3064; x_wconf 83' lang='lat' dir='ltr'>gubernatoribus,</span> <span class='ocrx_word' id='word_1_253' title='bbox 482 2983 664 3047; x_wconf 68' lang='lat' dir='ltr'>ascendere:</span> <span class='ocrx_word' id='word_1_254' title='bbox 690 2997 720 3046; x_wconf 92' lang='lat' dir='ltr'>et</span> <span class='ocrx_word' id='word_1_255' title='bbox 736 3005 797 3046; x_wconf 90' lang='lat' dir='ltr'>uno</span> <span class='ocrx_word' id='word_1_256' title='bbox 812 2967 988 3065; x_wconf 54' lang='lat' dir='ltr'>remigante,</span> <span class='ocrx_word' id='word_1_257' title='bbox 1014 3003 1139 3066; x_wconf 89' lang='lat' dir='ltr'>suspec-</span> 
     </span>
    </p>

    <p class='ocr_par' dir='ltr' id='par_1_21' title="bbox 131 3068 1137 3154">
     <span class='ocr_line' id='line_1_34' title="bbox 131 3068 1137 3154; baseline -0.001 -21"><span class='ocrx_word' id='word_1_258' title='bbox 131 3069 169 3133; x_wconf 91' lang='lat' dir='ltr'>tis</span> <span class='ocrx_word' id='word_1_259' title='bbox 185 3070 313 3145; x_wconf 75' lang='lat' dir='ltr'>duobuS,</span> <span class='ocrx_word' id='word_1_260' title='bbox 339 3068 625 3154; x_wconf 25' lang='lat' dir='ltr'>edique-intersectis,</span> <span class='ocrx_word' id='word_1_261' title='bbox 651 3071 784 3132; x_wconf 90' lang='lat' dir='ltr'>nondum</span> <span class='ocrx_word' id='word_1_262' title='bbox 802 3070 923 3151; x_wconf 85' lang='lat' dir='ltr'>vulgato</span> <span class='ocrx_word' id='word_1_263' title='bbox 947 3090 1075 3144; x_wconf 89' lang='lat' dir='ltr'>rumore,</span> <span class='ocrx_word' id='word_1_264' title='bbox 1104 3081 1137 3132; x_wconf 90' lang='lat' dir='ltr'>ut</span> 
     </span>
    </p>

    <p class='ocr_par' dir='ltr' id='par_1_22' title="bbox 131 3144 1138 3240">
     <span class='ocr_line' id='line_1_35' title="bbox 131 3144 1138 3240; baseline -0.002 -20"><span class='ocrx_word' id='word_1_265' title='bbox 131 3157 308 3222; x_wconf 82' lang='lat' dir='ltr'>mitaculum</span> <span class='ocrx_word' id='word_1_266' title='bbox 326 3144 591 3238; x_wconf 70' lang='lat' dir='ltr'>praevebebautn&#39;r:</span> <span class='ocrx_word' id='word_1_267' title='bbox 624 3179 695 3219; x_wconf 88' lang='lat' dir='ltr'>mox</span> <span class='ocrx_word' id='word_1_268' title='bbox 718 3157 774 3219; x_wconf 88' lang='lat' dir='ltr'>bac</span> <span class='ocrx_word' id='word_1_269' title='bbox 801 3171 891 3240; x_wconf 88' lang='lat' dir='ltr'>atque</span> <span class='ocrx_word' id='word_1_270' title='bbox 919 3153 970 3218; x_wconf 76' lang='lat' dir='ltr'>illia</span> <span class='ocrx_word' id='word_1_271' title='bbox 996 3155 1081 3239; x_wconf 90' lang='lat' dir='ltr'>rapti,</span> <span class='ocrx_word' id='word_1_272' title='bbox 1106 3167 1138 3218; x_wconf 88' lang='lat' dir='ltr'>et</span> 
     </span>
    </p>

    <p class='ocr_par' dir='ltr' id='par_1_23' title="bbox 131 3231 1138 3327">
     <span class='ocr_line' id='line_1_36' title="bbox 131 3231 1138 3327; baseline -0.003 -20"><span class='ocrx_word' id='word_1_273' title='bbox 131 3264 202 3307; x_wconf 85' lang='lat' dir='ltr'>cum</span> <span class='ocrx_word' id='word_1_274' title='bbox 219 3244 369 3327; x_wconf 88' lang='lat' dir='ltr'>plerisque</span> <span class='ocrx_word' id='word_1_275' title='bbox 386 3242 612 3320; x_wconf 88' lang='lat' dir='ltr'>Britannorum,</span> <span class='ocrx_word' id='word_1_276' title='bbox 629 3265 682 3306; x_wconf 86' lang='lat' dir='ltr'>sua</span> <span class='ocrx_word' id='word_1_277' title='bbox 698 3231 928 3318; x_wconf 70' lang='lat' dir='ltr'>defensantium,</span> <span class='ocrx_word' id='word_1_278' title='bbox 950 3241 1049 3326; x_wconf 73' lang='lat' dir='ltr'>prelio</span> <span class='ocrx_word' id='word_1_279' title='bbox 1064 3263 1138 3304; x_wconf 88' lang='lat' dir='ltr'>oon·</span> 
     </span>
    </p>

    <p class='ocr_par' dir='ltr' id='par_1_24' title="bbox 131 3327 1136 3414">
     <span class='ocr_line' id='line_1_37' title="bbox 131 3327 1136 3414; baseline 0 -22"><span class='ocrx_word' id='word_1_280' title='bbox 131 3330 234 3410; x_wconf 85' lang='lat' dir='ltr'>gressi,</span> <span class='ocrx_word' id='word_1_281' title='bbox 251 3352 286 3392; x_wconf 88' lang='lat' dir='ltr'>ac</span> <span class='ocrx_word' id='word_1_282' title='bbox 302 3328 381 3414; x_wconf 79' lang='lat' dir='ltr'>saepe</span> <span class='ocrx_word' id='word_1_283' title='bbox 398 3330 536 3406; x_wconf 87' lang='lat' dir='ltr'>victores,</span> <span class='ocrx_word' id='word_1_284' title='bbox 553 3329 714 3414; x_wconf 89' lang='lat' dir='ltr'>aliquando</span> <span class='ocrx_word' id='word_1_285' title='bbox 730 3330 818 3413; x_wconf 90' lang='lat' dir='ltr'>pulsi,</span> <span class='ocrx_word' id='word_1_286' title='bbox 845 3327 882 3392; x_wconf 85' lang='lat' dir='ltr'>ed</span> <span class='ocrx_word' id='word_1_287' title='bbox 911 3328 947 3390; x_wconf 84' lang='lat' dir='ltr'>ad</span> <span class='ocrx_word' id='word_1_288' title='bbox 965 3343 1136 3392; x_wconf 85' lang='lat' dir='ltr'>extremum</span> 
     </span>
    </p>

    <p class='ocr_par' dir='ltr' id='par_1_25' title="bbox 131 3407 1137 3501">
     <span class='ocr_line' id='line_1_38' title="bbox 131 3407 1137 3501; baseline -0.001 -22"><span class='ocrx_word' id='word_1_289' title='bbox 131 3417 238 3501; x_wconf 78' lang='lat' dir='ltr'>inopie</span> <span class='ocrx_word' id='word_1_290' title='bbox 256 3415 380 3494; x_wconf 76' lang='lat' dir='ltr'>vendre,</span> <span class='ocrx_word' id='word_1_291' title='bbox 402 3431 434 3480; x_wconf 92' lang='lat' dir='ltr'>ut</span> <span class='ocrx_word' id='word_1_292' title='bbox 450 3407 663 3479; x_wconf 69' lang='lat' dir='ltr'>infirmissimos</span> <span class='ocrx_word' id='word_1_293' title='bbox 685 3437 818 3486; x_wconf 83' lang='lat' dir='ltr'>suorum,</span> <span class='ocrx_word' id='word_1_294' title='bbox 835 3437 907 3478; x_wconf 82' lang='lat' dir='ltr'>mox</span> <span class='ocrx_word' id='word_1_295' title='bbox 923 3429 1003 3478; x_wconf 89' lang='lat' dir='ltr'>sorte</span> <span class='ocrx_word' id='word_1_296' title='bbox 1020 3415 1137 3495; x_wconf 90' lang='lat' dir='ltr'>ductos,</span> 
     </span>
    </p>

    <p class='ocr_par' dir='ltr' id='par_1_26' title="bbox 131 3491 1137 3588">
     <span class='ocr_line' id='line_1_39' title="bbox 131 3491 1137 3588; baseline -0.001 -22"><span class='ocrx_word' id='word_1_297' title='bbox 131 3491 337 3568; x_wconf 79' lang='lat' dir='ltr'>vescereutdr.</span> <span class='ocrx_word' id='word_1_298' title='bbox 377 3504 479 3588; x_wconf 83' lang='lat' dir='ltr'>Atque</span> <span class='ocrx_word' id='word_1_299' title='bbox 510 3503 770 3566; x_wconf 84' lang='lat' dir='ltr'>itacircumvecti</span> <span class='ocrx_word' id='word_1_300' title='bbox 795 3501 994 3580; x_wconf 72' lang='lat' dir='ltr'>Britannum,</span> <span class='ocrx_word' id='word_1_301' title='bbox 1022 3504 1137 3566; x_wconf 87' lang='lat' dir='ltr'>arnissis</span> 
     </span>
    </p>

    <p class='ocr_par' dir='ltr' id='par_1_27' title="bbox 131 3589 1137 3674">
     <span class='ocr_line' id='line_1_40' title="bbox 131 3589 1137 3674; baseline -0.001 -21"><span class='ocrx_word' id='word_1_302' title='bbox 131 3611 186 3674; x_wconf 88' lang='lat' dir='ltr'>per</span> <span class='ocrx_word' id='word_1_303' title='bbox 201 3590 349 3653; x_wconf 90' lang='lat' dir='ltr'>inscitiam</span> <span class='ocrx_word' id='word_1_304' title='bbox 373 3589 496 3672; x_wconf 86' lang='lat' dir='ltr'>regendi</span> <span class='ocrx_word' id='word_1_305' title='bbox 513 3589 649 3666; x_wconf 86' lang='lat' dir='ltr'>navibus,</span> <span class='ocrx_word' id='word_1_306' title='bbox 675 3611 727 3674; x_wconf 91' lang='lat' dir='ltr'>pro</span> <span class='ocrx_word' id='word_1_307' title='bbox 743 3589 931 3673; x_wconf 75' lang='lat' dir='ltr'>predonibus</span> <span class='ocrx_word' id='word_1_308' title='bbox 947 3589 1050 3666; x_wconf 91' lang='lat' dir='ltr'>babiti,</span> <span class='ocrx_word' id='word_1_309' title='bbox 1078 3589 1137 3670; x_wconf 87' lang='lat' dir='ltr'>pri-</span> 
     </span>
    </p>

    <p class='ocr_par' dir='ltr' id='par_1_28' title="bbox 25 3675 1160 3850">
     <span class='ocr_line' id='line_1_41' title="bbox 25 3675 1132 3807; baseline -0.001 -69"><span class='ocrx_word' id='word_1_310' title='bbox 25 3681 36 3807; x_wconf 62' lang='lat' dir='ltr'>q</span> <span class='ocrx_word' id='word_1_311' title='bbox 131 3675 213 3739; x_wconf 82' lang='lat' dir='ltr'>mitm</span> <span class='ocrx_word' id='word_1_312' title='bbox 238 3675 390 3754; x_wconf 87' lang='lat' dir='ltr'>aSuevis,</span> <span class='ocrx_word' id='word_1_313' title='bbox 415 3698 487 3739; x_wconf 85' lang='lat' dir='ltr'>mox</span> <span class='ocrx_word' id='word_1_314' title='bbox 511 3697 528 3739; x_wconf 88' lang='lat' dir='ltr'>a</span> <span class='ocrx_word' id='word_1_315' title='bbox 551 3675 654 3741; x_wconf 86' lang='lat' dir='ltr'>Frisiis</span> <span class='ocrx_word' id='word_1_316' title='bbox 677 3677 836 3761; x_wconf 88' lang='lat' dir='ltr'>intercepti</span> <span class='ocrx_word' id='word_1_317' title='bbox 859 3690 947 3740; x_wconf 85' lang='lat' dir='ltr'>sunt:</span> <span class='ocrx_word' id='word_1_318' title='bbox 979 3699 1014 3740; x_wconf 85' lang='lat' dir='ltr'>ac</span> <span class='ocrx_word' id='word_1_319' title='bbox 1037 3675 1132 3752; x_wconf 71' lang='lat' dir='ltr'>suere,</span> 
     </span>
     <span class='ocr_line' id='line_1_42' title="bbox 130 3749 1160 3850; baseline -0.003 -24"><span class='ocrx_word' id='word_1_320' title='bbox 130 3783 205 3850; x_wconf 90' lang='lat' dir='ltr'>quos</span> <span class='ocrx_word' id='word_1_321' title='bbox 217 3785 271 3850; x_wconf 88' lang='lat' dir='ltr'>per·</span> <span class='ocrx_word' id='word_1_322' title='bbox 282 3764 463 3829; x_wconf 87' lang='lat' dir='ltr'>commercia</span> <span class='ocrx_word' id='word_1_323' title='bbox 475 3763 684 3844; x_wconf 85' lang='lat' dir='ltr'>venumdatos,</span> <span class='ocrx_word' id='word_1_324' title='bbox 694 3779 724 3827; x_wconf 91' lang='lat' dir='ltr'>et</span> <span class='ocrx_word' id='word_1_325' title='bbox 737 3765 765 3828; x_wconf 89' lang='lat' dir='ltr'>in</span> <span class='ocrx_word' id='word_1_326' title='bbox 782 3778 913 3830; x_wconf 85' lang='lat' dir='ltr'>nostram</span> <span class='ocrx_word' id='word_1_327' title='bbox 926 3783 1026 3849; x_wconf 90' lang='lat' dir='ltr'>usque</span> <span class='ocrx_word' id='word_1_328' title='bbox 1036 3749 1160 3846; x_wconf 75' lang='lat' dir='ltr'>ripam‘</span> 
     </span>
    </p>
   </div>
   <div class='ocr_carea' id='block_1_3' title="bbox 0 0 1288 4446">
    <p class='ocr_par' dir='ltr' id='par_1_29' title="bbox 0 0 1288 4446">
     <span class='ocr_line' id='line_1_43' title="bbox 0 0 1288 4446; baseline 0 0"><span class='ocrx_word' id='word_1_329' title='bbox 0 0 1288 4446; x_wconf 95' lang='lat' dir='ltr'> </span> 
     </span>
    </p>
   </div>
  </div>
 </body>
</html>
