2484 4316
132 203 198 291 134
468 221 508 286 C.
533 221 642 288 Coun.
666 221 791 294 Tacrrr
925 223 979 307 [A.
996 221 1040 292 U.
1055 225 1137 288 822.

131 390 182 454 Ac
212 409 295 465 mox,
321 399 503 470 augescente
526 386 658 463 licentia,
674 385 798 449 scrutari
825 406 860 448 ae
884 387 1057 470 protrahere
1081 383 1137 450 ab·

131 477 228 540 ditos:
253 476 383 560 siquem
402 493 560 556 procerum
585 475 685 536 habitu
708 489 738 536 et
755 471 884 557 joventi
897 488 1134 558 conspexerant,

131 565 321 636 obtruncare,
351 561 433 623 nullo
464 561 591 622 militum
622 575 672 624 aut
694 559 796 643 populi
823 560 1005 624 discrimine.
1051 559 1135 634 Quae

131 650 254 724 saevitia,
270 647 440 709 recentibus
452 647 538 723 odiis,
555 647 698 728 sanguine
715 645 904 730 explebatur,
917 647 986 709 dein
1004 657 1137 710 verterat

132 737 161 800 in
175 735 349 798 avaritiam:
374 733 447 796 nihil
463 754 589 817 usquam
602 749 750 796 secretum
768 746 819 794 aut
834 733 969 796 clausum
985 733 1135 810 sinebant,

132 820 331 883 ‘Vitellianos
346 819 498 882 occultari'
522 821 708 882 simulantes.
754 818 874 882 Initium
898 820 927 881 id
947 819 1136 903 perfringen-

133 907 237 969 darum
264 906 431 982 domuum;
457 906 515 983 vel,
547 907 571 968 si
597 907 795 984 resisteretur,
826 926 916 969 causa
942 907 1051 983 cedis3
1075 928 1135 969 nec

132 993 235 1056 deerat
250 993 458 1076 egentissimus
481 993 606 1076 quisque
631 1014 671 1054 ex
694 991 802 1076 plebe:
827 1008 856 1056 et
877 994 997 1074 pessimi
1014 994 1135 1056 serviti·

131 1101 216 1142 orum
233 1080 360 1163 prodere
376 1077 452 1140 ultro
468 1079 544 1141 dites
561 1080 719 1141 dominos:
742 1078 790 1140 alii
806 1079 844 1140 ab
867 1079 970 1142 amicis
986 1093 1135 1142 monstra-

131 1166 251 1228 bantur.
297 1163 421 1248 Ubique
437 1163 579 1240 lamenta,
596 1165 859 1242 conclamationes
876 1179 907 1227 et
930 1165 1024 1228 sorma
1036 1181 1134 1250 captae

130 1252 232 1316 urbis:
266 1249 345 1314 adab
367 1265 400 1312 ut
423 1249 589 1312 Othoniani
615 1249 829 1336 Vitellianique
860 1251 960 1314 militis
986 1253 1135 1316 invidiosa

129 1351 217 1400 antea
234 1336 399 1419 petulantia
411 1336 644 1398 desideraretur.
691 1337 795 1399 Duces
809 1338 1134 1420 partium,accenden-

131 1426 171 1488 do
186 1424 266 1486 civili
282 1423 362 1486 bello
375 1443 469 1498 acreS,
483 1423 687 1504 temperandae
701 1423 829 1486 victoriae
842 1423 972 1505 impares
986 1447 992 1486 :
1018 1425 1134 1509 quippe

133 1512 163 1574 in
180 1512 283 1572 turbas
305 1525 335 1573 et
358 1508 519 1570 discordias
544 1510 675 1591 pessimo
697 1509 806 1592 cuique
829 1509 956 1593 plurima
980 1511 1046 1574 vis:
1069 1533 1134 1594 pax

130 1611 160 1661 et
177 1598 261 1680 quies
276 1595 361 1658 bonis
377 1595 487 1656 artibus
505 1595 651 1676 indigent.

172 1683 214 1746 ll.
238 1681 361 1745 Nomen
385 1681 550 1764 sedemque
575 1679 703 1744 Caesaris
731 1679 923 1744 Domitianus
950 1697 1130 1765 acceperat:

129 1765 264 1834 nondum
281 1769 318 1830 ad
341 1789 430 1829 curas
449 1768 590 1844 intentus,
614 1769 668 1830 sed
691 1769 800 1851 stupris
823 1782 854 1830 et
870 1769 1132 1832 adulteriislilium

129 1856 280 1940 Principis
296 1854 415 1937 agebat.
462 1852 645 1916 Praefectura
669 1853 803 1916 Praetorii
821 1874 914 1936 penes
931 1855 1052 1918 Arrium
1068 1855 1133 1918 Va·

129 1964 216 2006 rum:
241 1961 359 2002 summa
384 1941 527 2024 potentiae
552 1941 580 2002 in
608 1939 713 2002 Primo
740 1941 895 2003 Antonio:
920 1941 945 2002 is
967 1943 1132 2026 pecuniam

128 2027 367 2111 familiamquee
389 2025 541 2110 Principis
565 2026 667 2104 domo,
689 2028 772 2111 quasi
800 2026 1040 2090 Cremonensem
1057 2050 1133 2112 prae-

129 2113 210 2189 dam,
226 2133 351 2196 rapere:
376 2114 469 2174 ceteri
494 2111 643 2176 modestia
659 2113 707 2175 vel
729 2113 925 2196 ignobilitate,
948 2127 982 2176 ut
1005 2116 1033 2177 in
1050 2116 1134 2178 bello

127 2199 258 2276 obscuri,
280 2199 321 2262 ita
344 2199 533 2283 premiorum
558 2215 713 2283 expertes.
759 2198 877 2264 Civitas
898 2201 1006 2284 pavida
1023 2215 1053 2264 et
1069 2223 1134 2266 ser-

127 2287 200 2350 vitio
217 2300 328 2372 parata,
345 2287 508 2368 ‘occupari
533 2287 711 2349 redeuntem
728 2285 896 2350 Tarracina
915 2286 955 2349 L.
971 2286 1131 2352 Vitellium

123 2395 193 2438 cum
223 2371 406 2447 cohortibus,
438 2372 634 2456 extinguique
665 2373 780 2456 reliqua
818 2373 911 2450 belli‚’
944 2375 1125 2456 postulabat.

127 2459 277 2523 Praemissi
293 2457 426 2519 Ariciam
443 2458 578 2540 equites:
604 2480 711 2540 agmen
731 2459 883 2540 legionum
900 2460 976 2524 iutra
992 2459 1129 2524 Bovillas

126 2546 218 2608 stetit.
265 2543 334 2606 Nec
349 2557 507 2606 cunctatus
531 2559 576 2607 est
590 2543 740 2624 Vitellius,
764 2567 858 2629 seque
881 2560 912 2608 et
927 2547 1068 2628 cohortes
1084 2567 1133 2610 ar-

124 2631 213 2696 bitrio
230 2630 349 2693 victoris
373 2629 558 2712 permittere.
605 2629 647 2694 Et
670 2633 756 2694 miles
779 2630 910 2694 iuselicia
933 2653 1025 2710 arma,
1049 2633 1131 2697 haud

125 2718 224 2782 minito
239 2715 294 2794 ira,
318 2715 407 2800 quam
432 2730 514 2778 metu
539 2716 659 2802 abjecit.
706 2717 831 2796 Longus
854 2718 1021 2782 deditorum
1042 2721 1130 2798 ordo,

126 2820 229 2888 septus
245 2803 376 2878 armatis,
394 2823 447 2886 per
463 2803 568 2864 urbem
584 2804 716 2866 incessit.
763 2803 866 2867 Nemo
881 2805 1010 2888 supplici
1034 2806 1131 2884 vultu,

124 2893 177 2956 sed
195 2891 293 2956 tristes
310 2905 340 2953 et
355 2903 456 2952 truces
473 2903 503 2952 et
514 2889 672 2952 adversum
685 2891 807 2972 plausus
821 2913 855 2953 ac
871 2891 1024 2954 lasciviam
1038 2893 1132 2955 insul·

123 2980 213 3042 tantis
237 2978 318 3060 vulgi
341 2976 531 3038 immobiles:
556 2998 668 3058 paucos
691 2998 852 3060 erumpere
875 2999 974 3053 ausos,
997 2979 1130 3040 circum-

120 3065 194 3151 jecti
220 3063 378 3150 pressere:
404 3065 497 3125 ceteri
522 3063 551 3125 in
575 3063 741 3126 custodiam
765 3064 888 3126 conditi.
935 3063 1019 3126 Nihil
1047 3067 1130 3148 quis-

125 3174 214 3236 quam
231 3152 350 3215 locutus
366 3149 532 3229 indignum,
549 3164 589 3225 et,
607 3171 778 3234 quanquam
802 3151 878 3213 inter
894 3150 1029 3227 adversa,
1045 3151 1130 3215 salva

125 3238 240 3300 virtutis
271 3236 361 3297 sarna.
407 3235 488 3297 Dein
521 3235 559 3297 L.
583 3235 724 3298 Vitellius
756 3237 946 3312 interficitur,
972 3259 1025 3320 par
1051 3238 1130 3302 vitiis

125 3322 231 3398 fratris,
248 3323 277 3384 in
294 3320 470 3404 Principatu
488 3321 553 3406 ejus
570 3322 758 3403 vigilantior;
782 3343 840 3385 nec
864 3323 989 3406 perinde
1005 3345 1132 3409 prospe-

125 3410 164 3472 ris
180 3409 289 3482 socius,
306 3406 395 3490 quiam
413 3407 545 3470 adversis
562 3409 739 3471 abstractus.

168 3492 227 3557 Ill.
249 3493 361 3555 lisdem
374 3493 479 3556 diebus
492 3491 628 3558 Lucilius
639 3494 763 3570 Bassus,
773 3515 843 3557 cum
857 3495 1003 3578 expedito
1015 3495 1127 3580 equite,

124 3579 161 3644 ad
181 3579 423 3662 componendam
441 3579 641 3663 Campaniam
659 3582 805 3644 mittitur:
829 3582 1014 3645 discordibus
1030 3584 1129 3646 muni·

124 3667 267 3752 cipiorum
286 3666 402 3740 animis,
419 3665 515 3747 magis
532 3669 608 3731 inter
630 3683 738 3744 semet,
755 3668 845 3752 qnam
868 3668 1059 3731 contumacia
1074 3669 1129 3732 ad·

124 3755 226 3817 versirs
243 3751 428 3836 Principem.
475 3752 549 3816 Viso
573 3755 665 3818 milite
682 3755 789 3839 quies:
812 3769 843 3819 et
859 3757 1023 3823 minoribus
1042 3755 1127 3822 eolo·
