2556 4446
140 202 204 266 228
481 195 523 262 C.
547 197 656 264 Coun.
680 195 807 262 thtrr

139 377 250 430 terreat
272 385 367 430 vanus
390 377 530 448 aspectus
556 377 587 427 et
610 364 672 428 auri
688 329 785 446 iulgdr
805 376 895 448 atque
911 363 1085 448 argenti,
1118 358 1208 447 quod

138 474 238 537 neque
255 435 339 534 tegit,
363 472 462 534 neque
487 451 632 515 vulnerat.
676 449 712 514 In
736 449 965 531 ipsehostiurn'
990 451 1079 514 acie
1111 445 1205 512 inve-

111 537 257 602 Xniemus
273 554 386 601 nostras
410 559 535 600 manus:
559 517 722 620 agnodcent
737 536 875 600 Britanni
900 559 1005 600 suarn
1027 555 1201 600 eausam:

139 626 377 690 recordabuntur
393 622 471 686 Galli
490 624 617 707 priorem
634 605 822 686 libeitatem:
855 625 1018 688 deserent
1040 625 1125 688 illos
1143 644 1200 686 ce-

141 713 195 777 teri
223 711 377 787 Germani,
403 726 544 794 tanquam
571 733 665 794 nuper
695 709 793 794 Usipii
823 711 1047 796 reliquerunt.
1117 707 1196 777 Nec

140 800 301 883 quicquam
318 797 396 862 ultre
411 795 593 860 formidinis:
617 818 711 860 vacua
726 797 861 873 castella,
884 778 1006 862 semifn
1028 798 1193 874 coloniae,

140 885 217 948 inter
233 885 311 948 male
329 899 467 968 parentes
493 900 523 948 et
549 883 655 970 injusti:
678 885 869 968 imperantes,
885 907 966 966 aegra
988 885 1192 969 municipia

139 985 171 1034 et
186 972 402 1034 discordantia:
427 967 476 1033 hic
493 970 579 1046 Dux,
593 969 641 1034 hic
657 971 824 1034 exercitus:
850 970 890 1032 ibi
906 972 1033 1035 tributa
1054 986 1094 1035 et
1113 993 1189 1036 me·

137 1057 209 1122 talla
225 1073 256 1120 et
278 1072 386 1122 cetere
409 1058 601 1120 servientium
620 1079 734 1140 poenae:
763 1078 836 1141 quas
860 1057 888 1120 in
905 1072 1075 1121 eternum
1104 1080 1186 1144 per-

137 1141 226 1221 ferre,
242 1158 293 1206 aut
308 1144 407 1206 statim
431 1144 545 1220 ulcisci,
563 1145 591 1206 in
609 1146 666 1208 hoc
682 1165 792 1228 campo
807 1123 863 1206 ebt.
910 1144 1077 1222 Proinde,
1104 1145 1183 1210 ituri

137 1230 167 1292 in
184 1231 292 1304 aciem,
308 1245 338 1293 et
354 1229 481 1314 majores
497 1246 609 1294 vestros
625 1245 657 1293 et
672 1246 807 1314 posteros
819 1231 974 1312 cogitate?

182 1315 341 1380 XXXIII.
366 1315 531 1398 Excepere
546 1318 711 1380 orationem
733 1318 854 1394 alacres,
871 1330 902 1378 et
918 1317 1045 1381 barbari
1066 1314 1178 1384 moris

138 1419 229 1469 cantu
253 1417 283 1466 et
299 1402 417 1466 sremitu
433 1403 672 1487 clamoribusque
688 1403 823 1466 dissonis.
867 1401 999 1486 Jamque
1023 1408 1174 1489 agmine

139 1505 171 1555 et
182 1512 330 1553 armorum
344 1488 482 1572 fulgores,
493 1489 695 1554 audentissimi
711 1489 855 1575 cujusque
867 1511 1028 1572 procursu:
1061 1493 1170 1556 simul

138 1578 359 1642 instruebantur
374 1577 473 1638 acies:
495 1575 570 1638 clim·
583 1577 734 1659 Agricola,
747 1597 916 1660 quanquam
927 1575 1030 1640 laetum
1050 1592 1090 1642 et
1107 1579 1166 1644 vix

137 1663 330 1730 munimentis
356 1663 519 1726 coercitum
546 1663 671 1726 militem
702 1663 884 1739 adhortatus,
912 1663 950 1726 ita
979 1663 1160 1728 disseruit:

139 1750 300 1814 ‘Octavus
312 1771 408 1812 annus
423 1765 478 1824 est,
494 1750 723 1826 commilitones,
739 1770 780 1812 ex
794 1770 854 1832 quo
872 1729 976 1812 virtud:
992 1763 1021 1810 ct
1037 1739 1172 1833 auspi!

138 1837 191 1900 ciis
204 1836 325 1922 Imperii
341 1833 472 1898 Romani
488 1835 548 1896 fide
564 1852 654 1920 atque
670 1833 763 1919 operi
779 1834 880 1898 vestra
894 1834 1080 1898 Britanniam
1099 1837 1153 1898 vi·
1242 1841 1244 1846 ’

138 1923 241 1986 cistis:
264 1937 308 1986 tot
324 1921 575 2004 expeditionibus,
600 1935 642 1984 tot
667 1921 785 2004 preliis,
811 1942 865 1986 seu
891 1911 1058 1986 fortitudin'e
1086 1922 1149 1984 ad·

139 2010 243 2074 versiis
259 2009 370 2084 hostes,
380 2027 432 2070 seu
451 2006 594 2090 patientie
605 2029 641 2070 ac
657 2007 770 2084 labore,
783 2028 869 2090 paene
885 2007 1027 2070 adversus
1043 2009 1146 2092 ipsam

137 2087 244 2160 reruni
253 2111 392 2200 naturarq
411 2115 489 2178 opus
512 2091 585 2156 suit:
617 2115 717 2178 neque
733 2083 782 2156 mi:
797 2084 936 2171 militum',
961 2115 1060 2178 neque
1082 2115 1128 2156 vo

138 2181 238 2246 Ducis
256 2176 426 2265 poeuituitd
449 2179 533 2263 Ergo
558 2181 682 2263 egressi,
705 2201 763 2264 ego
786 2193 921 2244 veterum
942 2116 1147 2261 Legatortnff,

139 2291 192 2333 vos
218 2271 349 2352 priorum
374 2268 561 2332 exercituum
584 2269 738 2344 terminos,
764 2267 855 2330 finem
877 2266 1052 2344 Britanniae,
1077 2287 1143 2330 uon

137 2353 230 2431 samii,
251 2376 307 2418 nec
322 2375 452 2430 rumore,
475 2354 528 2416 sed
551 2355 654 2417 castris
670 2367 701 2417 et
716 2355 804 2416 armis
820 2369 965 2418 tenemus.
1012 2335 1170 2416 Inventa'

135 2441 302 2515 Britannia,
319 2455 348 2502 et
361 2425 500 2502 subacti
543 2439 697 2523 Equidem
714 2439 795 2524 sepi:
812 2440 840 2502 in
858 2439 987 2522 agmine,
998 2439 1067 2504 clun
1083 2460 1138 2502 vos

138 2527 264 2612 paludes
280 2541 433 2586 montesve
449 2539 478 2588 et
494 2524 619 2588 flumina
642 2524 809 2608 satIgarent,
828 2523 976 2588 fortissimi
991 2525 1137 2612 cujusque

138 2631 229 2674 voces
254 2610 423 2686 audiebam,
450 2607 584 2684 Quando
608 2599 733 2676 dabituf
756 2613 857 2688 bostis,
884 2613 1006 2696 quando
1032 2613 1133 2676 acies?
1217 2603 1226 2624 '

139 2695 286 2772 Veniunt,
298 2717 316 2758 e
332 2679 453 2760 latebris
468 2698 528 2762 suis
540 2687 670 2764 extrusi:
695 2713 727 2762 et
737 2715 804 2764 vota
817 2689 969 2782 virtusqu'e
981 2700 1009 2761 in
1023 2673 1156 2782 aperto(

137 2784 299 2867 omniaque
323 2805 415 2867 prona
441 2785 613 2861 victoribus,
640 2800 731 2870 atque
755 2786 862 2848 eadem
889 2786 974 2848 victis
1001 2785 1134 2846 adversa.
1252 2850 1254 2872 ι

137 2869 230 2948 Nam,
247 2885 278 2934 ut
292 2867 451 2952 superesse
467 2886 581 2934 tantum
598 2872 720 2948 itineris,
731 2873 830 2954 sylvas
846 2873 988 2947 evasisse,
998 2869 1133 2934 transisse
1249 2889 1254 2931 i

137 2958 282 3033 aestuaria,
299 2957 455 3040 pulchrum
472 2979 506 3019 ac
523 2958 668 3020 decorum
684 2959 713 3022 in
726 2957 874 3038 frontem:
904 2959 941 3021 ita
959 2956 1133 3038 fugientibus

136 3043 397 3130 periculosissima,
414 3065 478 3127 quae
495 3043 584 3108 lindie
603 3045 786 3126 prosperima
806 3058 886 3106 sunt.
931 3042 1039 3128 Neque
1055 3043 1135 3105 enim

136 3133 222 3196 nobis
245 3145 296 3194 aut
310 3130 443 3192 locorum
459 3130 565 3192 eadem
583 3130 696 3207 notitia,
720 3144 771 3194 aut
787 3145 1011 3194 commeatuum
1027 3129 1138 3192 eadem

138 3219 337 3282 abundantia:
360 3216 413 3278 sed
431 3237 535 3278 manus
551 3231 581 3279 et
603 3237 685 3278 erma
709 3229 740 3278 et
763 3217 792 3278 in
817 3216 863 3278 his
886 3219 998 3278 omnia.
1044 3214 1139 3288 Quod
1199 3232 1202 3240 ’

138 3305 176 3366 ad
194 3325 242 3366 me
258 3301 445 3386 attinetffiam
465 3301 578 3384 pridem
596 3303 667 3365 mibi
684 3302 838 3366 decretum
856 3315 911 3377 est,
934 3323 1031 3384 neque
1048 3322 1141 3364 exer·

137 3389 224 3465 uitiis,
248 3409 348 3470 neque
376 3387 471 3450 Ducis
496 3403 578 3470 terga
595 3403 748 3452 tntacsse.
794 3387 926 3450 Proinde
952 3401 983 3448 et
1012 3389 1141 3451 honesta

137 3495 217 3536 mors
233 3475 312 3555 turpi
327 3473 387 3536 vitai
405 3474 518 3556 poti0r;
541 3489 572 3535 et
584 3475 771 3538 incolumitas
786 3495 822 3536 ac
838 3475 930 3536 decus
944 3473 1054 3536 eodem
1072 3474 1140 3536 loco

137 3561 193 3622 sita
209 3575 292 3620 sunt:
317 3579 375 3620 nee
390 3560 547 3642 inglorium
562 3559 663 3638 fuerit,
685 3561 714 3623 in
724 3561 799 3644 ‘ipso
814 3574 957 3624 terrarum
975 3581 1010 3622 ac
1027 3573 1139 3624 naturas

138 3645 196 3710 fine
212 3645 380 3706 cecidisse!
