2516 4250
143 227 186 292 A.
202 225 243 294 C.
261 225 330 311 69.]
424 224 566 292 Hrsroa.
594 224 669 289 Lra.
694 211 886 290 Sacusnns.
1107 229 1151 295 53

188 388 295 456 XVlI.
319 390 489 476 Aperuerat
499 389 564 476 jem
586 389 714 466 ltaliam,
729 389 915 476 'bellumque
938 389 1149 472 transmiserat,

143 479 282 564 utsupra
298 479 541 554 memoravimus,
565 477 611 539 ala
628 475 763 560 Syllana,
780 477 862 540 nullo
882 477 961 562 apud
979 499 1151 563 quenquam

143 565 276 630 Othonis
298 563 423 628 sarcre:
453 586 511 627 nec
534 563 603 648 quia
627 561 786 626 Vitellium
814 563 957 643 mallent;
980 565 1035 628 sed
1062 566 1152 648 longe

143 673 207 738 pax
223 653 260 714 ad
276 673 366 714 omne
379 651 531 715 servitium
544 650 682 734 fregerat,
695 648 797 714 faciles
808 651 1025 735 occupantibus
1040 665 1070 714 et
1086 673 1152 715 me·

141 739 267 802 lioribus
282 739 456 801 incuriosos.
503 735 763 801 Florentissimum
779 736 870 800 ltaliae
895 739 982 814 latus,
1006 753 1150 822 quantum

141 825 222 889 inter
237 824 358 888 Padurn
375 825 530 909 Alpesque
545 845 721 908 camporum
745 838 775 887 et
797 824 914 886 urbium
930 825 1020 888 armis
1038 823 1150 888 Vitellii

143 909 293 997 (namque
305 926 336 974 et
352 911 511 996 premisse
527 931 545 973 a
560 909 686 974 Caecinb
699 911 839 974 cobortes
851 911 1052 996 advenerant)
1066 926 1152 976 tene·

142 998 241 1062 batur.
286 996 388 1082 Capta
404 997 629 1060 Pannoniorum
646 997 843 1082 coborsapud
860 996 1059 1061 Cremonam.
1098 997 1150 1060 In·

140 1083 270 1168 tercepti
285 1099 407 1148 centum
424 1085 540 1169 equites
565 1105 602 1146 ao
626 1083 707 1146 milla
729 1083 846 1147 classici
869 1085 945 1149 inter
960 1083 1150 1149 Placentiam

141 1167 370 1256 Ticinumque:
392 1191 452 1255 quo
468 1190 611 1235 successu
630 1168 809 1234 Vitellianus
831 1171 918 1235 miles
940 1193 1000 1235 non
1012 1171 1077 1256 jam
1093 1171 1150 1234 flu-

141 1256 226 1320 mine
248 1271 300 1319 aut
325 1257 395 1342 ripis
418 1257 586 1321 arcebatur.
632 1255 769 1320 lrritabat
794 1257 865 1342 quio
892 1258 982 1322 etiam
1010 1257 1148 1322 Batavos

141 1341 455 1428 Transrhenanosque
471 1341 576 1408 Padus
591 1342 677 1428 ipset
699 1346 790 1428 q'uem
807 1343 941 1428 repente,
955 1359 1061 1409 contra
1076 1343 1149 1408 Pla·

141 1429 285 1506 centiam,
308 1430 495 1512 transgressi,
522 1429 613 1514 raptis
636 1429 815 1514 quibusdam
840 1431 1088 1514 exploratoribus,
1109 1431 1149 1494 iu

140 1529 262 1580 ceteros
277 1515 420 1602 terruere,
448 1532 489 1594 ut,
517 1517 643 1580 ‘adesse
665 1534 788 1580 omnem
811 1513 942 1582 Caecinae
958 1517 1148 1596 exercitum:

142 1602 251 1684 trepidi
268 1624 303 1665 ac
320 1601 384 1666 salsi
401 1603 580 1666 nuntiarent.
809 1642 811 1648 ν
903 1653 908 1658 .

186 1685 307 1752 XVlll.
331 1688 459 1753 Certum
476 1703 540 1752 erat
556 1687 715 1774 Spurinnae
740 1687 781 1772 (is
796 1689 877 1752 enim
889 1687 1078 1752 Placentiam
1093 1689 1148 1752 ob·

141 1774 270 1860 tinebat)
297 1776 451 1838 necdum
476 1775 593 1838 venisse
617 1774 781 1852 Caecinam,
808 1789 849 1852 et,
876 1775 899 1840 si
923 1775 1146 1860 propinquaret,

138 1881 286 1924 coercere
310 1861 384 1926 intra
403 1862 588 1925 munimenta
604 1860 740 1938 militem,
763 1881 821 1924 nec
843 1875 904 1924 tres
920 1861 1078 1927 Pretorias
1093 1865 1146 1926 co·

138 1948 243 2012 bortes
257 1963 288 2013 et
301 1949 385 2012 mille
402 1949 582 2025 vexillarios,
605 1969 676 2010 curn
701 1949 805 2031 paucis
828 1948 986 2035 equitibus,
1003 1965 1146 2014 veterano
1185 1966 1188 1971 ·

140 2035 288 2099 exercitui
311 2035 454 2121 objicere.
502 2033 565 2098 Sed
589 2035 751 2099 indomitus
766 2035 852 2100 miles
874 2049 905 2099 et
928 2035 999 2099 belli
1015 2036 1144 2120 ignarus,

137 2122 286 2206 correptis
311 2123 403 2206 signis
427 2121 615 2206 vexillisque,
642 2141 740 2198 ruere,
767 2137 799 2186 et
821 2123 959 2186 retinenti
976 2121 1058 2186 Duci
1084 2124 1145 2186 tela
1180 2120 1181 2124 ’

140 2208 297 2286 intentare,
321 2209 428 2294 spretis
440 2208 675 2272 centurionibus
690 2207 916 2294 Tribunisque;
939 2210 1010 2294 quin
1026 2207 1146 2294 ‘prodi-

139 2295 263 2372 aionem,
276 2311 307 2358 et
323 2297 452 2358 accitum
468 2293 645 2372 Caecinam,'
658 2295 860 2359 clamitabant.
906 2295 958 2358 Fit
969 2297 1146 2362 temeritatis

140 2381 246 2446 aliene
262 2403 365 2445 comes
379 2381 539 2468 Spurinna,
551 2381 648 2467 primb
659 2396 794 2460 coactus,
807 2403 879 2446 mox
896 2383 975 2446 velle
990 2383 1143 2460 simulans,

48 2488 53 2497 ·
139 2465 202 2553 qub
217 2469 283 2551 plus
299 2469 483 2533 auctoritatis
497 2469 609 2534 inesset
625 2469 766 2546 consiliis,
787 2470 810 2533 si
837 2469 945 2533 seditio
961 2469 1144 2533 mitesceret.

184 2552 278 2618 XlX.
303 2555 469 2641 Postquam
486 2557 514 2620 in
530 2571 695 2640 conspectu
711 2555 814 2620 Padus
836 2570 867 2619 et
893 2577 954 2618 nox
970 2557 1143 2640 appetebat,

141 2641 245 2706 vallari
261 2658 358 2706 castra
374 2644 496 2729 placuit.
542 2641 572 2704 ls
584 2643 677 2719 labor,
691 2643 804 2706 urbano
817 2643 901 2706 malm
916 2643 1061 2720 insolitos,
1072 2663 1146 2706 con·

139 2729 217 2793 audit
239 2730 366 2793 animos.
411 2729 493 2792 Tum
512 2729 728 2792 vetustissimus
744 2730 870 2814 quisque
887 2730 1033 2812 castigare
1057 2735 1145 2794 ‘cre-

140 2815 296 2878 dulitatem
320 2837 415 2893 suam,
444 2831 558 2880 metum
585 2837 621 2878 ac
644 2815 816 2878 discrimen'
840 2816 1010 2893 ostendere,
1032 2817 1144 2878 sicum

137 2901 276 2965 exercitu
293 2901 425 2980 Cacina,
445 2903 620 3050 patentibus
635 2903 761 2986 campis,
785 2918 845 2966 tarn
872 2923 982 2986 paucas
1004 2903 1144 2966 cobortes

138 2987 402 3051 circumsedisset!
466 3010 576 3073 amque
603 2991 672 3052 totis
697 2988 801 3050 castris
827 2989 954 3052 modesti
978 3009 1143 3068 sermones,

139 3089 182 3151 et,
195 3075 393 3140 inserentibus
404 3097 437 3138 se
450 3075 688 3140 Centurionibus
699 3073 914 3160 Tribunisqua,
925 3075 1037 3138 laudari
1055 3083 1062 3113 ‘
1076 3097 1130 3160 pro

140 3161 397 3240 videntia-Ducis,
442 3161 502 3225 abd
518 3162 678 3238 coloniam,
705 3162 811 3224 virium
838 3177 869 3225 et
891 3182 983 3245 opum
1002 3163 1142 3240 validam,

139 3247 231 3312 robur
253 3269 289 3312 ao
311 3183 513 3312 sedemlrello
527 3249 672 3332 legisset!
718 3247 788 3332 lpse
806 3248 957 3332 postremb
980 3248 1141 3332 Spurinna,

138 3355 199 3397 non
215 3349 276 3398 tam
292 3336 412 3420 culpam
430 3336 626 3421 exprobrans,
650 3335 740 3420 quam
765 3337 879 3399 ratione
899 3337 1073 3413 ostendens,
1096 3355 1144 3398 re·

138 3421 217 3485 lictis
227 3422 478 3506 exploratoribus,
490 3439 608 3486 ceteros
622 3421 808 3485 Placentiam
825 3422 957 3497 reduxit3
972 3421 1069 3484 minias
1081 3435 1144 3484 tur·

138 3507 226 3573 bidos
242 3523 273 3572 et
289 3510 413 3593 imperia
429 3509 625 3594 accipientes.
672 3509 796 3572 Solidati
814 3509 901 3584 muri,
918 3507 1143 3592 propugnacula

137 3593 251 3673 addita,
278 3612 373 3660 aucte
397 3610 503 3671 turres,
528 3596 646 3680 provisa
671 3610 834 3683 parataque
857 3615 916 3656 non
943 3613 1025 3656 arma
1041 3591 1143 3668 modb,

138 3683 193 3746 sed
211 3682 389 3767 obsequium
405 3699 437 3746 et
460 3683 583 3768 parenni
599 3703 683 3745 amor
693 3703 702 3760 ;
725 3681 806 3766 quod
822 3680 919 3747 solum
936 3679 992 3746 illis
1008 3679 1140 3769 partibus

140 3767 246 3848 deluit,
263 3768 333 3836 ciam
351 3770 466 3834 virtutis
482 3769 561 3834 haud
579 3770 751 3919 poe5rpteret.
