2514 4318
112 174 177 238 216
446 169 487 234 C.
511 167 620 234 Coun.
644 167 769 232 Trcrcr

114 336 263 400 vicesimae
277 334 399 417 legioni,
414 327 498 396 tar'db
514 333 552 396 ad
573 345 793 396 sacramentum
817 345 1018 416 transgressae,
1042 353 1137 418 prae-

113 424 223 508 posuit,
254 423 303 486 ubi
326 422 468 484 decessor
493 419 634 482 seditiose
665 441 754 501 agere
784 421 979 484 narrabatur:
1003 422 1135 506 quippe

113 509 238 590 Legatis
261 529 381 592 quoque
404 506 620 570 Consularibus
644 507 735 568 nirnia
759 528 795 570 ae
821 507 1013 570 formidolosa
1038 522 1133 571 erat.

113 596 182 661 Nec
199 595 334 678 Legatos
350 594 510 658 Praetorius
534 593 572 656 ad
595 593 798 656 cohibendum
822 609 939 677 potens,
956 595 1133 672 incertum,

114 705 169 746 suo
185 705 222 745 an
239 683 364 744 rnilitum
380 681 518 762 ingenio:
542 681 582 744 ita
596 701 753 743 successor
776 681 875 757 simul,
893 696 924 742 et
940 682 1019 744 ultor
1033 680 1131 745 elec·

113 785 170 845 tus,
186 767 335 832 rarissima
359 769 575 846 moderatione,
598 767 703 830 maluit
721 767 814 830 videri
836 768 985 831 iuvenisse
1009 768 1127 846 bonos,

115 856 204 941 qubrn
222 854 340 918 secisse.
966 901 990 948 s

157 940 247 1004 Vlll.
272 941 406 1004 Praeerat
422 955 499 1028 tunc
522 911 693 1015 Britannia(
707 937 827 1004 Vettius
849 939 996 1028 Bolanus,
1020 941 1122 1025 placi-

113 1028 190 1105 ditis,
207 1027 296 1112 quitrn
313 1015 403 1090 seusei
427 1026 584 1111 provincial
600 1027 723 1109 dignum
735 1041 802 1090 est:
826 1029 1007 1128 temperavit
1024 1028 1120 1110 Agri-

112 1116 179 1180 cola
203 1117 262 1177 viru
282 1129 378 1190 suam,
402 1115 601 1198 ardoremque
623 1094 822 1197 corrf'pe‘dculi,
845 1135 883 1176 ne
909 1095 1118 1196 incr'eb'cerffi

112 1202 227 1286 per'rlus
241 1195 378 1284 obsequi,
394 1201 588 1286 eruditusque
604 1201 686 1263 utilia
702 1186 983 1264 bonestis'miscere.
1018 1200 1117 1265 Brevi

112 1288 223 1350 deinde
247 1286 401 1350 Britannia
424 1286 624 1350 Consularem
645 1286 787 1350 Petilium
804 1276 957 1350 Cerialem
982 1289 1116 1372 accepit.

83 1371 107 1457 ζ
113 1373 295 1439 Habuerunt
326 1375 451 1438 virtutes
479 1375 609 1458 spatium
639 1371 872 1458 exemplorum)
918 1374 981 1436 Sed
1016 1375 1118 1458 primi)

114 1460 244 1526 Cerialis
259 1460 352 1524 modii
367 1462 485 1524 labores
501 1478 531 1525 et
553 1448 734 1538 discriminis,
755 1482 828 1524 mox
844 1474 875 1524 et
890 1459 1014 1542 gloriam
1031 1482 1118 1525 com·

107 1532 304 1612 ‘manicabarz
329 1548 409 1631 saepie
435 1549 509 1632 parti
533 1546 696 1624 exercitdS,
723 1548 753 1610 iu
778 1548 1033 1631 experimentum,
1061 1549 1119 1612 ali-

112 1635 234 1720 quando
250 1633 410 1720 majoribus
432 1636 538 1719 copiis,
561 1655 602 1698 ex
625 1648 748 1711 eventu,
771 1633 922 1718 praesecit:
948 1657 1006 1697 nee
1022 1635 1118 1718 Agri-

110 1722 179 1786 cola
195 1743 326 1806 unquam
343 1721 370 1784 iu
387 1741 472 1784 suam
489 1719 599 1784 sarnam
614 1721 706 1805 gestis
715 1722 883 1799 exultavit3
906 1721 943 1784 ad
956 1735 1117 1786 auctorem

111 1822 143 1872 et
159 1807 292 1884 Ducem,
316 1823 347 1872 ut
367 1809 512 1884 minister,
528 1807 675 1872 fortunam
697 1807 864 1872 rescrebat:
888 1807 928 1872 ita
951 1809 1063 1870 virtute
1082 1809 1116 1872 in

110 1895 317 1978 obsequendo,
345 1893 529 1957 verecundia
557 1895 586 1958 in
618 1893 819 1980 predicando,
843 1908 930 1958 extra
957 1895 1114 1972 invidiam,

110 2001 170 2044 nec
185 1996 272 2044 extra
288 1981 423 2060 gloriam,
439 1996 515 2043 erat.

154 2065 214 2130 lX.
239 2065 460 2130 Revertentem
476 2069 514 2130 ab
529 2033 680 2150 legatiorbe
702 2067 828 2150 legionis
844 2065 887 2130 D.
903 2065 1116 2152 Vespasianus

111 2155 189 2218 inter
205 2142 343 2237 patricio‘s
366 2154 480 2230 ascivit,
498 2175 533 2216 ac
549 2154 658 2222 deinde
675 2155 835 2238 provinciae
850 2136 1026 2238 Aquitani&
1038 2175 1117 2238 prae·

111 2241 222 2326 posuit,
245 2240 410 2323 splendidae
436 2241 466 2304 in
490 2240 592 2324 primis
615 2227 776 2324 diguitatis,
799 2241 1056 2304 administratione
1077 2261 1116 2306 ac

110 2348 166 2410 spe
190 2325 385 2404 Consulatus,
410 2328 459 2390 cui
482 2327 657 2389 destinabat(
701 2325 841 2390 Credunt
863 2317 1010 2412 pletrude
1034 2327 1116 2390 mili-

111 2413 224 2476 taribus
239 2407 372 2494 ingeniis
381 2415 574 2476 subtilitatem
598 2413 726 2490 deesse3
750 2414 819 2498 quia
840 2416 999 2478 castrensis
1021 2413 1116 2498 juris-

111 2499 203 2561 dictio
218 2519 324 2562 secura
339 2513 369 2561 et
384 2499 528 2574 obtusior,
544 2520 580 2564 ac
597 2499 682 2583 plura
697 2521 786 2562 manu
800 2519 903 2582 agenS,
915 2501 1113 2572 calliditatem

7 2638 14 2646 .,
111 2583 165 2647 lori
182 2605 242 2646 non
263 2579 418 2647 exerceat.
463 2585 606 2668 Agricola
629 2586 755 2649 naturali
779 2585 949 2671 prudentio,
973 2583 1115 2672 quamvis

111 2671 188 2734 inter
203 2660 329 2754 togatos,
352 2671 439 2734 facile
459 2671 601 2757 justeque
621 2673 741 2756 agebat.
786 2666 857 2736 Jarfi
875 2673 946 2736 verb
968 2689 1110 2757 tempora

110 2777 249 2820 curatum
266 2759 534 2843 remissionumque
550 2741 665 2822 divba:
690 2760 739 2824 ubi
761 2773 930 2824 conventus
946 2781 981 2822 ac
995 2759 1113 2844 judicia

109 2833 280 2928 poscerem,
300 2846 407 2926 gravis,
431 2846 571 2921 intentus,
586 2837 722 2924 severbs,
739 2860 769 2908 et
790 2847 900 2930 sepitis
923 2835 1111 2926 miseric‘om

110 2931 161 2994 ubi
177 2923 277 2994 officm
291 2931 486 3008 satisfactum,
503 2931 585 2994 nulla
599 2931 678 2994 ultra
693 2927 851 3016 potestatis
870 2955 1020 3018 persona:
1044 2935 1111 2996 tris·

109 3019 205 3082 titiam
222 3032 252 3082 et
268 3019 464 3101 arrogantiam
488 3033 519 3080 et
534 3019 688 3081 avaritiam
711 3033 859 3082 exuerat:
884 3041 941 3082 uec
960 3020 1010 3096 illi,
1028 3019 1109 3104 quod

110 3120 156 3170 est
171 3106 364 3182 rarissimum,
377 3120 428 3168 aut
444 3104 568 3168 facilitas
583 3105 802 3182 auctoritatem,
815 3106 1112 3170 autseveritasamo-

109 3214 185 3269 rern,
201 3193 357 3256 deminuit.
404 3192 610 3274 lntegritatem
634 3203 724 3277 atque
747 3193 955 3256 abstinentiam
980 3194 1113 3257 intanto

106 3270 173 3342 viro
195 3279 316 3356 referre,
338 3279 442 3364 injuria
459 3281 600 3342 virtutum
622 3278 720 3343 tuerit.
767 3277 816 3342 Ne
840 3279 951 3342 samam
972 3280 1109 3364 quidem,

109 3367 157 3429 cui
174 3366 264 3428 ctiam
280 3365 359 3450 sepe
376 3367 445 3429 boni
468 3366 634 3448 indulgent,
655 3365 836 3429 ostentandis
850 3368 969 3443 virtute,
986 3381 1111 3452 autper

109 3469 202 3515 artem
227 3453 379 3537 quaesivit:
405 3454 508 3536 procul
532 3453 569 3516 ab
593 3452 781 3516 aemulatione
804 3453 947 3517 adversim
962 3454 1109 3536 collegas,

111 3539 216 3622 procul
240 3561 258 3600 a
279 3540 471 3602 contentione
498 3539 640 3602 adversim
661 3539 900 3604 Procuratores:
925 3555 955 3603 et
985 3542 1110 3605 vincere

108 3625 279 3707 inglorium,
297 3641 326 3688 et
343 3627 429 3688 atteri
452 3627 617 3704 sordidum,
639 3627 847 3690 arbitrabatur.
893 3626 994 3691 Minus
1019 3628 1111 3690 trien·

109 3713 192 3776 uiurn
207 3713 236 3774 in
252 3711 291 3776 eb
313 3711 481 3793 Legatioue
505 3713 655 3798 detentus,
675 3734 711 3778 ac
733 3715 833 3779 statim
857 3714 894 3779 ad
918 3735 1005 3798 spem
1026 3713 1112 3780 Con·
1248 3685 1249 3738 ¹
