2556 4446
325 391 327 398 ,
377 359 546 426 Baornxrr
569 359 856 426 Surranunuruu.
1057 358 1122 426 263
1146 373 1149 377 ’

120 527 298 612 pestilentiae
320 525 465 602 remedia,
479 537 540 588 aut
566 525 680 590 incesta
696 538 836 601 matrum,
864 537 917 608 aut
936 523 1076 608 quicquid
1092 527 1123 590 in

15 641 17 660 =
118 614 224 688 schola
238 609 370 700 quotidie
387 613 491 695 agitur,
507 605 537 674 in
554 609 618 675 loro
635 613 681 674 'vel
699 611 765 674 rard
783 612 830 674 vel
848 633 999 696 nunquam
1016 612 1122 692 ingen-

120 701 200 767 tibus
212 701 310 765 verbis
322 717 554 786 persequantur:
576 699 645 762 crim
659 699 696 762 ad
708 720 796 762 veros
804 697 922 784 judices
935 713 1056 760 ventum
1067 711 1123 776 est,

121 787 162 866 [1.
185 792 320 868 juvenca,
337 789 499 863 puerilibus
519 788 661 856 institutis
676 788 740 844 sine
755 786 816 843 ulla
830 781 936 862 privati
953 786 1123 861 publicique

15 853 26 902 ¹
117 869 193 946 juris
215 868 399 942 experientia
424 885 477 942 per
495 865 595 942 plures
615 882 719 924 annos·
733 865 878 933 innutriti,
901 865 975 922 nihil
998 863 1125 922 afferunt

122 945 201 1022 quod
216 947 273 1003 sori
288 947 461 1024 dignitatem
474 945 588 1008 deceat,
601 955 651 1002 aut
662 945 813 1002 clientium
826 945 886 1002 alat
900 945 1052 1002 utilitates.
1084 945 1125 1002 At
1189 954 1195 968 '

24 1085 25 1089 ,
121 1028 202 1108 vitia,
215 1043 280 1102 quae
295 1027 450 1084 umbratici
462 1025 600 1082 doctores
612 1025 650 1082 iis
669 1025 813 1092 inludere,
829 1026 1027 1084 irreverenter
1038 1032 1068 1080 et
1083 1033 1124 1081 te·

122 1109 204 1165 mere
228 1106 387 1182 explicant.
431 1105 521 1171 Hinc,
546 1105 571 1162 si
594 1111 809 1180 praeceptorem
831 1104 955 1161 audacia
975 1103 1125 1180 turgidum

120 1188 232 1245 suerint
246 1188 336 1249 nacti,
358 1185 414 1242 hos
439 1183 539 1241 videas
559 1184 621 1241 alta
633 1183 760 1250 cervice,
786 1185 879 1240 torvis.
900 1183 1003 1250 oculis,
1030 1183 1126 1258 plenis

122 1268 234 1332 buccis,
260 1265 448 1341 superboque
476 1265 566 1329 totius
591 1263 725 1338 corporis
750 1261 853 1320 habitu
877 1257 1126 1338 declamationum

123 1357 260 1422 portenta
275 1363 342 1402 cum
358 1345 439 1402 inani
453 1343 612 1400 verborum
633 1343 752 1418 fragore
766 1351 933 1418 crepantes.
974 1341 1089 1400 Contra
1102 1343 1128 1400 si

122 1427 159 1483 iis
174 1425 262 1482 suerit
280 1424 385 1482 doctor
407 1443 444 1482 ex
465 1422 518 1480 illo
533 1423 713 1480 mellitorn'rn
733 1421 886 1478 hominum
902 1441 1002 1500 grege,
1018 1423 1068 1497 qui
1083 1417 1127 1480 su-

124 1514 197 1562 catae
212 1505 283 1562 artis
304 1503 460 1572 lenociniis
480 1503 594 1580 ingenii
613 1503 721 1560 samam
743 1511 936 1576 aucupentur,
961 1501 1127 1576 crispantes

124 1603 229 1642 cernas
244 1583 491 1652 adolescentulos,
514 1583 565 1657 qui
580 1580 726 1639 renidenti
742 1580 833 1647 vultu,
847 1581 942 1637 fracta
956 1581 1127 1656 pronuntia·

124 1665 216 1730 tione,
233 1663 459 1739 gestu-supplici
476 1662 564 1716 verba
585 1659 776 1735 suspendant,
799 1661 961 1718 sententies
977 1660 1126 1728 intricent,

123 1745 253 1819 argutias
265 1741 480 1818 agglomerent,
492 1757 584 1812 seque
595 1738 630 1795 ad
647 1757 753 1807 omnes
766 1739 899 1796 scenicas
910 1749 988 1796 artes
1001 1747 1127 1808 vertant,

123 1823 229 1898 quibus
242 1819 340 1876 sucum
355 1819 474 1885 saciant,
486 1828 574 1892 atque
586 1819 630 1876 sul
646 1817 871 1883 admirationem
885 1826 1033 1875 moveant.
1129 1885 1131 1890 ,

162 1902 191 1957 2.
214 1899 401 1955 Histrionice
425 1897 480 1954 hac
504 1898 690 1955 institutione
712 1897 912 1973 eloquentiam
934 1897 1126 1974 perdidimus,

124 1997 189 2054 quae
204 1995 263 2034 non
281 1977 434 2034 venalibus
450 1978 614 2053 praeceptis,
636 1977 688 2035 sed
703 1979 825 2054 egregia
846 1983 951 2036 natura
965 1978 993 2034 in
1009 1977 1129 2036 liberta·

124 2069 183 2116 tem
199 2060 295 2132 prona
315 2055 395 2114 etad
411 2057 532 2132 quosvis
549 2067 646 2114 molus
661 2059 773 2135 parata,
790 2059 868 2114 bond
883 2067 981 2114 mente
996 2059 1069 2114 recti
1081 2075 1130 2114 ve-

125 2139 209 2212 rique
234 2137 377 2204 studiost,
400 2138 515 2212 magnis
536 2137 691 2214 exemplis,
717 2137 845 2211 plurima
868 2135 967 2214 legum
993 2138 1128 2203 scientia,

123 2216 238 2274 fervida
252 2217 361 2288 civium
381 2218 541 2292 patrieque
556 2219 688 2283 caritate,
710 2216 802 2294 longa
815 2235 849 2290 ac
870 2220 976 2296 severa
997 2227 1057 2274 tum
1080 2235 1129 2274 co·

126 2295 246 2374 gitandi,
269 2305 329 2370 turn
346 2297 494 2354 scribendi
514 2293 548 2353 ac
569 2295 686 2355 dicendi
707 2297 920 2353 exercitatione
942 2296 1086 2352 formatur
1101 2304 1131 2352 et

126 2377 286 2454 perficitur.
330 2375 401 2432 Haec
423 2375 491 2432 dum
507 2374 586 2450 apud
607 2395 662 2432 nos
685 2375 814 2452 viguere,
837 2374 937 2432 floruit
960 2374 1047 2432 simul
1069 2373 1130 2432 elo·

127 2457 257 2530 quentia.
298 2454 358 2514 Ubi
378 2461 534 2512 senescere
550 2459 676 2530 crepere,
699 2454 839 2530 paulatim
855 2473 973 2530 quoque
989 2453 1130 2528 eloquen-

126 2537 167 2592 tia
181 2533 348 2610 relanguit;
370 2534 599 2608 adventitiisque
620 2535 700 2592 vitiis
720 2533 834 2602 obruta,
851 2534 931 2612 jacet
945 2533 1129 2610 consepulta,

127 2634 182 2674 nec
196 2633 323 2690 unquam
341 2611 463 2690 (utinam
477 2615 599 2674 mamea
611 2613 693 2670 sallat
707 2614 809 2689 opinio
822 2615 842 2690 l)
865 2623 1009 2690 resurget.
1051 2612 1131 2670 Con·

128 2703 187 2752 stat
201 2695 279 2751 enim
295 2705 410 2752 aetatnm
432 2695 596 2767 artiumque
612 2691 742 2751 omnium
759 2694 945 2770 experientia
965 2713 981 2750 a
1006 2691 1130 2750 modicis

127 2784 158 2830 et
178 2774 299 2832 rudibus
314 2775 404 2830 initiis
429 2773 465 2829 ad
487 2789 633 2829 summurn
655 2773 880 2847 perlectumque
900 2781 1018 2830 evectas
1040 2773 1132 2836 luisse

127 2854 221 2910 bonas
236 2853 388 2908 hominum
405 2862 537 2908 mentes:
563 2851 666 2908 abillo
681 2861 778 2908 autern
794 2853 985 2926 perfectionis
1007 2853 1091 2928 apice
1107 2852 1132 2908 si

128 2929 219 2989 semel
241 2931 414 2996 exciderint,
435 2929 629 2992 humanarum
646 2930 751 2987 virium
766 2927 938 2988 humanave
960 2930 1049 2987 sortis
1070 2949 1132 2988 non

128 3030 203 3077 esse,
219 3009 297 3066 unde
308 3009 483 3066 descensum
496 3019 550 3078 est,
562 3009 689 3086 regredi.
1042 3017 1045 3023 ⁴

166 3089 195 3148 3.
218 3089 358 3156 Messala,
379 3093 445 3146 cirin
467 3089 527 3146 haec
549 3090 610 3145 acri
630 3090 795 3147 intentione
814 3088 946 3155 dixisset,
969 3087 1005 3144 ad
1020 3087 1131 3144 Mater·

129 3187 199 3226 nnm
221 3177 251 3225 et
265 3167 434 3226 Secundum
451 3187 623 3235 conversus,
645 3179 775 3226 vestrum
801 3178 855 3234 est,
880 3167 985 3242 inquit,
1010 3165 1133 3224 altiores

128 3249 195 3306 illas
210 3267 307 3305 rerum
320 3249 410 3314 vices,
425 3258 484 3314 aut,
496 3249 521 3305 si
536 3267 594 3323 qua
609 3248 666 3305 alia
681 3258 726 3305 est
740 3267 828 3305 eausa
843 3267 895 3303 eur
909 3247 945 3304 ab
961 3246 1133 3320 eloquentia

130 3327 347 3393 deflexerimus‚
370 3327 519 3398 evolvere.
561 3327 631 3384 Tibi
650 3329 739 3393 euim,
765 3327 911 3393 Materne,
937 3345 991 3400 pro
1013 3324 1133 3400 poetico

130 3419 180 3466 tuo
192 3407 268 3484 jure,
291 3407 402 3464 credita
421 3406 516 3463 Deum
531 3425 646 3463 arcana.
690 3406 746 3472 Te,
772 3403 918 3471 Secunde,
931 3401 1080 3479 quicquid
1102 3405 1134 3461 in

131 3488 196 3545 soro
208 3485 404 3551 reconditum,
417 3485 543 3542 docuere
555 3485 645 3562 longa
657 3485 840 3562 experientia
851 3485 1016 3560 ingensque
1028 3482 1132 3560 gloria.

131 3567 209 3624 Turn
222 3565 376 3622 subridens
386 3565 563 3632 .lllaternus;
592 3565 611 3620 a'
623 3575 662 3631 te,
678 3563 817 3630 Messala,
836 3563 1001 3638 impositas,
1016 3583 1032 3620 a
1047 3564 1133 3622 nobis

131 3656 284 3718 susceptas
299 3654 399 3719 partes
420 3655 609 3719 exequemur.
645 3645 694 3710 At,
716 3643 786 3700 licet
811 3661 857 3700 me
878 3641 972 3700 Deum
988 3643 1134 3720 interpre-

131 3734 190 3782 tem
203 3723 322 3792 dixeris,
339 3725 422 3798 prior
433 3735 530 3780 tamen
542 3721 705 3800 ¹Secundus¹
720 3723 896 3781 sententiam
911 3739 994 3783 suam
1009 3724 1132 3797 aperiat.
1262 3733 1263 3786 l

130 3802 167 3860 In
181 3802 227 3860 liis
243 3805 332 3870 enirn,
348 3823 421 3879 quas
443 3813 612 3870 tractemus,
628 3802 838 3877 quaestionibus
853 3801 1046 3879 explicandis,
1069 3801 1134 3876 plus
1262 3787 1263 3882 l

131 3883 211 3942 valet
225 3901 295 3940 usus
315 3892 345 3942 et
360 3882 521 3952 meditatio,
535 3884 625 3960 quarn
642 3881 689 3940 rel
704 3881 820 3940 divinus
835 3883 988 3940 numinum
1008 3880 1132 3938 afflatus.
1260 3897 1263 3974 p
