2508 4254
138 221 179 285 Α.
196 215 235 285 C.
253 220 322 303 69.]
424 217 568 282 H1snoa.
592 215 667 282 Lm.
691 215 855 280 Tanarus.
881 253 884 256 ·
1081 217 1143 278 113

150 412 154 416 ·
184 385 220 448 L.
249 384 395 449 Ceterum
423 381 592 468 propinqua
622 383 744 465 hyeme,
775 395 806 444 et
836 380 1030 444 humentibus
1053 379 1140 443 Pado

140 473 268 556 campis,
299 471 476 554 expeditum
508 489 616 551 agmen
647 469 800 531 incedere.
850 467 944 550 Signa
973 467 1140 552 aquilaque

88 619 94 629 ,
141 559 308 622 victricium
332 557 497 638 legionum,
521 556 631 620 milites
652 554 826 623 vulneribus
842 568 893 616 aut
916 567 1002 617 aetate
1022 573 1141 636 graves,

99 665 101 669 ’
142 645 278 728 plerique
301 643 392 705 etiam
416 643 536 723 integri,
551 641 682 704 Verona:
704 641 819 704 relicti:
843 641 981 704 sufficere
1001 641 1142 702 cohortes

141 731 268 816 alasque,
284 743 315 792 et
330 749 347 791 e
363 729 530 810 legionibus
545 729 627 806 lecti,
640 728 798 812 profligato
809 725 872 812 jam
891 727 979 804 bello,
998 726 1141 790 videban-

140 831 200 880 tur.
246 813 417 878 Undecima
448 815 527 896 legio
553 835 620 878 sese
651 813 839 898 adjunxerat,
869 813 952 876 initio
978 827 1140 892 cunctata3

139 903 204 980 sed,
230 901 379 986 prosperis
398 901 498 978 rebus,
523 901 624 978 anxia,
647 899 727 985 quod
754 899 908 962 descisset.
955 899 1018 962 Sex
1043 900 1135 962 millia

141 987 364 1065 Dalmatarum,
395 1009 501 1050 recens
531 988 678 1064 delectus,
716 987 945 1050 comitabantur.
998 985 1141 1049 Ducebat
1248 981 1249 992 ¹

41 1135 47 1150 ,
141 1074 294 1159 Poppaeus
310 1073 461 1150 Silvanus,
478 1073 674 1136 Consularis:
699 1073 743 1136 vis
758 1073 950 1138 consiliorum
967 1093 1061 1157 penes
1077 1073 1142 1135 An·

141 1162 224 1224 nium
241 1161 383 1238 Bassum,
406 1161 530 1242 legionis
554 1160 727 1245 Legatum:
749 1161 774 1224 is
794 1159 960 1237 Silvanum,
983 1159 1141 1222 socordem

140 1247 233 1324 bello,
250 1261 280 1310 et
295 1248 359 1310 dies
375 1267 474 1310 rerum
490 1247 588 1309 verbis
604 1261 763 1324 terentem,
784 1247 887 1331 specie
903 1247 1039 1331 obsequii
1055 1267 1141 1329 rege-

142 1333 204 1410 bat,
221 1333 257 1396 ad
274 1335 445 1418 omniaque,
463 1355 527 1417 quae
543 1334 660 1416 agenda
676 1333 783 1409 soreot,
799 1333 902 1417 quieta
916 1355 986 1398 curn
997 1331 1142 1396 industria

140 1421 258 1482 aderat.
303 1420 352 1483 Ad
370 1418 422 1482 bas
437 1421 551 1502 copias,
567 1441 584 1482 e
600 1419 731 1483 classicis
747 1419 991 1496 Rauennatibus,
1007 1420 1142 1502 legiona-

140 1506 214 1570 riam
232 1505 364 1570 militiam
377 1507 578 1590 poscentibus,
591 1507 722 1588 optimus
734 1507 859 1590 quisque
872 1505 955 1568 asciti
969 1527 976 1568 :
1001 1504 1140 1568 Classem
1182 1505 1184 1508 ’

141 1591 292 1655 Dalmatae
322 1591 513 1677 supplevere.
560 1591 723 1655 Exercitus
756 1591 923 1674 Ducesque
953 1591 990 1654 ad
1021 1589 1141 1658 Fanum

142 1677 285 1742 Fortuna
307 1679 364 1742 iter
378 1680 496 1756 sistunt,
521 1678 559 1740 de
583 1677 702 1740 sumrnrl
725 1699 825 1741 rerum
848 1691 1036 1754 cunctantes,
1061 1676 1140 1761 quod

142 1771 261 1828 ‘motas
284 1786 325 1827 ex
348 1765 423 1828 urbe
448 1766 598 1848 praetorias
622 1764 773 1827 cohortes'
801 1764 967 1840 audierant,
991 1777 1022 1826 et
1045 1765 1140 1827 teneri

141 1852 283 1936 pr'aesidiis
301 1851 496 1936 Apenninum
521 1852 681 1914 rebantur:
706 1865 737 1913 et
760 1851 850 1934 ipsos,
867 1851 895 1913 in
920 1851 1041 1932 regione
1062 1850 1143 1913 bello

143 1937 254 2014 attritb,
270 1938 371 2023 inopia
386 1951 417 2001 et
440 1938 586 2002 seditiosae
610 1938 735 2002 militum
752 1957 843 2000 voces
867 1937 1029 2014 terrebant,
1045 1935 1146 2000 clauu-

74 2075 77 2084 .
143 2023 223 2087 rium
238 2024 454 2109 flagitantium:
479 2045 536 2088 nec
552 2026 711 2110 pecuniam
731 2038 783 2088 aut
804 2023 986 2087 frumentum
1004 2025 1144 2108 provide·

144 2125 232 2174 rant:
255 2125 285 2174 et
301 2110 449 2174 festinatio
465 2125 555 2196 atque
578 2112 703 2174 aviditas
727 2111 961 2197 prepediebant,
980 2111 1062 2190 dum,
1079 2130 1144 2196 quae

143 2197 239 2280 accipi
258 2209 404 2281 poterant,
420 2199 584 2282 rapiuntur.

40 2279 46 2288 '
150 2309 154 2317 ·
188 2282 244 2345 Ll.
268 2283 492 2348 Celeberrimos
533 2299 669 2350 auctores
700 2283 809 2361 babeo,
839 2297 953 2348 tantam
984 2283 1147 2347 victoribus-

144 2369 288 2432 adverslrs
312 2369 354 2433 las
377 2369 522 2456 nefasque
550 2371 774 2434 irreverentiam
798 2371 899 2448 luisse,
930 2385 962 2434 ut
992 2371 1144 2453 gregarius

144 2476 250 2540 eques,
265 2457 398 2520 occisum
415 2477 431 2520 a
447 2479 490 2533 se,
509 2456 647 2540 proximb
661 2459 738 2536 acie,
754 2457 874 2521 fratrem
892 2456 1052 2541 professus,
1070 2477 1145 2542 prae·

142 2544 235 2605 mium
262 2563 279 2606 a
306 2542 445 2606 Ducibus
470 2545 600 2628 petierit.
647 2543 716 2608 Nec
739 2545 796 2608 illis
822 2559 874 2607 aut
902 2545 1048 2607 bonorare
1073 2563 1140 2606 eam

143 2629 258 2691 cedem
281 2629 331 2714 jus
347 2629 512 2706 hominurn,
537 2645 587 2693 aut
608 2631 710 2694 ulcisci
734 2631 809 2694 ratio
832 2630 914 2707 belli,
939 2631 1142 2715 permittebat.

142 2713 341 2792 Distulcrant,
364 2729 506 2800 tanquam
530 2716 641 2802 majora
666 2718 817 2793 meritum,
841 2717 930 2801 quam
954 2738 1019 2801 quae
1043 2717 1143 2780 statim

143 2803 394 2865 exsolverentur:
417 2824 473 2866 nec
490 2805 650 2888 quicquam
667 2803 746 2866 ultra
768 2803 903 2866 traditur.
948 2802 1095 2866 Ceterum
1113 2817 1144 2866 et

143 2889 291 2971 prioribus
311 2889 422 2951 civium
444 2890 528 2952 bellis
553 2910 605 2973 par
627 2891 727 2953 scelus
751 2889 915 2966 inciderat3
938 2909 1007 2951 nam
1032 2890 1144 2973 praelio,

36 2981 49 2992 ⁹
145 2995 205 3058 quo
217 2975 298 3057 apud
311 2973 483 3038 Janiculurn
501 2975 644 3038 adversus
656 2975 788 3038 Cinnam
801 2989 966 3056 pugnatum
979 2989 1035 3052 est,
1052 2975 1146 3038 Pom·

142 3061 269 3144 pelanus
285 3061 371 3124 miles
384 3060 502 3125 sratrem
519 3083 617 3138 suum,
628 3062 709 3138 dein,
725 3063 845 3142 cognito
858 3060 998 3137 facinore,
1010 3062 1143 3144 seipsum

143 3145 303 3223 interiecit,
320 3162 352 3221 ut
369 3147 496 3210 Sisenna
514 3162 680 3211 memorat:
705 3147 789 3212 tantd
801 3148 896 3210 acrior
908 3147 987 3230 apud
1005 3147 1145 3234 majores,

144 3233 223 3296 sicut
247 3233 405 3298 virtutibus
429 3234 531 3317 gloria,
555 3235 594 3298 ita
620 3235 739 3316 flagitiis
769 3235 956 3320 poenitentia,
973 3233 1038 3298 luit.
1084 3234 1147 3298 Sed

145 3321 211 3382 haec
227 3320 344 3406 aliaque
360 3341 401 3383 ex
418 3322 512 3383 veteri
535 3321 681 3384 memoria
704 3322 809 3406 petita,
826 3323 963 3407 quotiens
979 3343 1027 3386 res
1048 3321 1148 3385 locus-

145 3427 204 3492 que
221 3407 365 3490 exempla
380 3409 464 3487 recti,
481 3423 531 3470 aut
553 3409 659 3471 solatia
682 3410 763 3488 mali,
779 3425 895 3494 poscet,
913 3409 994 3472 baud
1017 3409 1146 3472 absurde

143 3493 389 3557 memorabimus.
1133 3555 1136 3562 .

149 3605 154 3612 ·
187 3579 260 3642 Lll.
285 3582 430 3658 Antonio,
456 3580 655 3666 Ducibusque
672 3582 810 3666 partium,
838 3582 995 3668 ‘praemitti
1019 3583 1147 3668 equites,

143 3688 328 3752 omnemque
343 3667 501 3730 Umbriam
525 3667 685 3754 explorari'
709 3669 831 3753 placuit,
858 3670 901 3732 ‘si
918 3667 978 3754 qud
995 3669 1147 3752 Apennini

78 3767 81 3777 ·
140 3753 214 3840 juga
229 3754 407 3821 clementitis
423 3755 594 3820 adirentur:
617 3755 706 3819 acciri
721 3755 835 3841 aquilas
850 3756 995 3841 signaque
1011 3769 1042 3819 et
1065 3757 1149 3841 quic-

605 3843 666 3906 10*
