<?xml version="1.0" encoding="UTF-8"?>
<!DOCTYPE html PUBLIC "-//W3C//DTD XHTML 1.0 Transitional//EN"
    "http://www.w3.org/TR/xhtml1/DTD/xhtml1-transitional.dtd">
<html xmlns="http://www.w3.org/1999/xhtml" xml:lang="en" lang="en">
 <head>
  <title>
</title>
<meta http-equiv="Content-Type" content="text/html;charset=utf-8" />
  <meta name='ocr-system' content='tesseract 3.04.00' />
  <meta name='ocr-capabilities' content='ocr_page ocr_carea ocr_par ocr_line ocrx_word'/>
</head>
<body>
  <div class='ocr_page' id='page_1' title='image "./ccorneliitaciti24tacigoog_0402.png"; bbox 0 0 2514 4318; ppageno 0'>
   <div class='ocr_carea' id='block_1_1' title="bbox 112 167 1119 592">
    <p class='ocr_par' dir='ltr' id='par_1_1' title="bbox 112 167 1119 592">
     <span class='ocr_line' id='line_1_1' title="bbox 117 167 791 234; baseline 0.003 -1"><span class='ocrx_word' id='word_1_1' title='bbox 117 169 181 233; x_wconf 79' lang='lat'>194</span> <span class='ocrx_word' id='word_1_2' title='bbox 443 167 483 234; x_wconf 85' lang='lat' dir='ltr'>C.</span> <span class='ocrx_word' id='word_1_3' title='bbox 508 167 617 234; x_wconf 77' lang='lat' dir='ltr'>Gonu.</span> <span class='ocrx_word' id='word_1_4' title='bbox 640 167 791 234; x_wconf 73' lang='lat' dir='ltr'>Taureos</span> 
     </span>
     <span class='ocr_line' id='line_1_2' title="bbox 112 287 1119 486; baseline 0.008 -88"><span class='ocrx_word' id='word_1_5' title='bbox 112 334 255 486; x_wconf 29' lang='lat' dir='ltr'>iffi&amp;</span> <span class='ocrx_word' id='word_1_6' title='bbox 271 291 422 484; x_wconf 49' lang='lat' dir='ltr'>opfficutis,</span> <span class='ocrx_word' id='word_1_7' title='bbox 446 333 506 436; x_wconf 80' lang='lat' dir='ltr'>qud</span> <span class='ocrx_word' id='word_1_8' title='bbox 530 287 646 456; x_wconf 75' lang='lat' dir='ltr'>piepior</span> <span class='ocrx_word' id='word_1_9' title='bbox 658 347 709 437; x_wconf 32' lang='lat' dir='ltr'>&#39;et&#39;</span> <span class='ocrx_word' id='word_1_10' title='bbox 721 336 914 450; x_wconf 60' lang='lat' dir='ltr'>grpvioryox</span> <span class='ocrx_word' id='word_1_11' title='bbox 936 359 1119 440; x_wconf 82' lang='lat' dir='ltr'>repercussu</span> 
     </span>
     <span class='ocr_line' id='line_1_3' title="bbox 115 419 1118 592; baseline 0.003 -19"><span class='ocrx_word' id='word_1_12' title='bbox 115 437 335 590; x_wconf 49' lang='lat' dir='ltr'>³[ibn&#39;gdsiiiadiit</span> <span class='ocrx_word' id='word_1_13' title='bbox 351 419 764 571; x_wconf 50' lang='lat' dir='ltr'>sidbbibldbnedrbrelidlxiirildb</span> <span class='ocrx_word' id='word_1_14' title='bbox 786 423 1118 592; x_wconf 46' lang='lat' dir='ltr'>gbbitiiiimobidlaaidbi}</span> 
     </span>
    </p>
   </div>
   <div class='ocr_carea' id='block_1_2' title="bbox 1216 188 1222 536">
    <p class='ocr_par' dir='ltr' id='par_1_2' title="bbox 1216 147 1223 602">
     <span class='ocr_line' id='line_1_4' title="bbox 1216 188 1219 282; baseline 0 -130"><span class='ocrx_word' id='word_1_15' title='bbox 1216 188 1219 282; x_wconf 36' lang='lat'>4</span> 
     </span>
     <span class='ocr_line' id='line_1_5' title="bbox 1217 286 1220 382; baseline 0 76"><span class='ocrx_word' id='word_1_16' title='bbox 1217 286 1220 382; x_wconf 53' lang='lat' dir='ltr'>i</span> 
     </span>
     <span class='ocr_line' id='line_1_6' title="bbox 1219 484 1222 536; baseline 0 66"><span class='ocrx_word' id='word_1_17' title='bbox 1219 484 1222 536; x_wconf 48' lang='lat' dir='ltr'>i</span> 
     </span>
    </p>
   </div>
   <div class='ocr_carea' id='block_1_3' title="bbox 116 589 1223 685">
    <p class='ocr_par' dir='ltr' id='par_1_3' title="bbox 116 589 1223 685">
     <span class='ocr_line' id='line_1_7' title="bbox 116 589 1223 685; baseline 0.002 -25"><span class='ocrx_word' id='word_1_18' title='bbox 116 594 214 660; x_wconf 84' lang='lat' dir='ltr'>adisse</span> <span class='ocrx_word' id='word_1_19' title='bbox 244 589 414 658; x_wconf 79' lang='lat' dir='ltr'>Gerinaniae</span> <span class='ocrx_word' id='word_1_20' title='bbox 437 609 541 672; x_wconf 88' lang='lat' dir='ltr'>terras,</span> <span class='ocrx_word' id='word_1_21' title='bbox 569 595 854 680; x_wconf 86' lang='lat' dir='ltr'>Asciburgiumque,</span> <span class='ocrx_word' id='word_1_22' title='bbox 884 598 964 680; x_wconf 92' lang='lat' dir='ltr'>quod</span> <span class='ocrx_word' id='word_1_23' title='bbox 990 599 1020 660; x_wconf 92' lang='lat' dir='ltr'>in</span> <span class='ocrx_word' id='word_1_24' title='bbox 1050 599 1118 685; x_wconf 68' lang='lat' dir='ltr'>ripis</span> <span class='ocrx_word' id='word_1_25' title='bbox 1222 653 1223 676; x_wconf 21' lang='grc' dir='ltr'>ἒ</span> 
     </span>
    </p>
   </div>
   <div class='ocr_carea' id='block_1_4' title="bbox 110 680 1118 1799">
    <p class='ocr_par' dir='ltr' id='par_1_4' title="bbox 110 680 1118 1282">
     <span class='ocr_line' id='line_1_8' title="bbox 115 680 1118 764; baseline 0.005 -20"><span class='ocrx_word' id='word_1_26' title='bbox 115 680 218 744; x_wconf 82' lang='lat' dir='ltr'><strong>Rheni</strong></span> <span class='ocrx_word' id='word_1_27' title='bbox 234 682 321 744; x_wconf 83' lang='lat' dir='ltr'>situm</span> <span class='ocrx_word' id='word_1_28' title='bbox 339 681 488 764; x_wconf 88' lang='lat' dir='ltr'>hodieque</span> <span class='ocrx_word' id='word_1_29' title='bbox 505 681 652 756; x_wconf 81' lang='lat' dir='ltr'>incolitur,</span> <span class='ocrx_word' id='word_1_30' title='bbox 665 681 702 742; x_wconf 88' lang='lat' dir='ltr'>ab</span> <span class='ocrx_word' id='word_1_31' title='bbox 712 682 763 744; x_wconf 87' lang='lat' dir='ltr'>illo</span> <span class='ocrx_word' id='word_1_32' title='bbox 773 683 968 746; x_wconf 89' lang='lat' dir='ltr'>constitutum</span> <span class='ocrx_word' id='word_1_33' title='bbox 981 686 1118 749; x_wconf 87' lang='lat' dir='ltr'>nomina·</span> 
     </span>
     <span class='ocr_line' id='line_1_9' title="bbox 113 755 1114 855; baseline 0.004 -23"><span class='ocrx_word' id='word_1_34' title='bbox 113 782 250 850; x_wconf 89' lang='lat' dir='ltr'>tumque.</span> <span class='ocrx_word' id='word_1_35' title='bbox 296 767 390 828; x_wconf 87' lang='lat' dir='ltr'>Aram</span> <span class='ocrx_word' id='word_1_36' title='bbox 418 755 609 850; x_wconf 66' lang='lat' dir='ltr'>quissetiam</span> <span class='ocrx_word' id='word_1_37' title='bbox 641 765 726 830; x_wconf 82' lang='lat' dir='ltr'>Ulixi</span> <span class='ocrx_word' id='word_1_38' title='bbox 749 783 968 846; x_wconf 81' lang='lat' dir='ltr'><strong>consecratam,</strong></span> <span class='ocrx_word' id='word_1_39' title='bbox 991 770 1114 855; x_wconf 86' lang='lat' dir='ltr'>adjecto</span> 
     </span>
     <span class='ocr_line' id='line_1_10' title="bbox 110 835 1117 938; baseline 0.005 -22"><span class='ocrx_word' id='word_1_40' title='bbox 110 835 232 916; x_wconf 46' lang='lat' dir='ltr'>baert&amp;</span> <span class='ocrx_word' id='word_1_41' title='bbox 248 853 336 936; x_wconf 87' lang='lat' dir='ltr'>patris</span> <span class='ocrx_word' id='word_1_42' title='bbox 360 855 491 930; x_wconf 88' lang='lat' dir='ltr'>nomine,</span> <span class='ocrx_word' id='word_1_43' title='bbox 514 854 623 915; x_wconf 90' lang='lat' dir='ltr'>eodem</span> <span class='ocrx_word' id='word_1_44' title='bbox 646 853 714 916; x_wconf 86' lang='lat' dir='ltr'>loco</span> <span class='ocrx_word' id='word_1_45' title='bbox 736 855 808 917; x_wconf 89' lang='lat' dir='ltr'>olim</span> <span class='ocrx_word' id='word_1_46' title='bbox 831 872 991 938; x_wconf 88' lang='lat' dir='ltr'>repertam,</span> <span class='ocrx_word' id='word_1_47' title='bbox 1008 879 1117 921; x_wconf 88' lang='lat' dir='ltr'>monu-</span> 
     </span>
     <span class='ocr_line' id='line_1_11' title="bbox 113 935 1115 1027; baseline 0.006 -25"><span class='ocrx_word' id='word_1_48' title='bbox 113 956 276 1022; x_wconf 88' lang='lat' dir='ltr'>mentaque</span> <span class='ocrx_word' id='word_1_49' title='bbox 293 954 324 1000; x_wconf 90' lang='lat' dir='ltr'>et</span> <span class='ocrx_word' id='word_1_50' title='bbox 339 940 470 1003; x_wconf 91' lang='lat' dir='ltr'>tumulos</span> <span class='ocrx_word' id='word_1_51' title='bbox 491 940 650 1023; x_wconf 86' lang='lat' dir='ltr'>quosdam,</span> <span class='ocrx_word' id='word_1_52' title='bbox 666 938 780 1003; x_wconf 77' lang='lat' dir='ltr'>Grecis</span> <span class='ocrx_word' id='word_1_53' title='bbox 803 935 1067 1027; x_wconf 80' lang='lat' dir='ltr'>literis·inscriptos</span> <span class='ocrx_word' id='word_1_54' title='bbox 1083 945 1115 1008; x_wconf 89' lang='lat' dir='ltr'>in</span> 
     </span>
     <span class='ocr_line' id='line_1_12' title="bbox 114 1013 1116 1114; baseline 0.003 -24"><span class='ocrx_word' id='word_1_55' title='bbox 114 1027 243 1090; x_wconf 85' lang='lat' dir='ltr'>confinio</span> <span class='ocrx_word' id='word_1_56' title='bbox 259 1025 429 1088; x_wconf 72' lang='lat' dir='ltr'>Germania</span> <span class='ocrx_word' id='word_1_57' title='bbox 446 1013 637 1110; x_wconf 66' lang='lat' dir='ltr'>Rhaetieque</span> <span class='ocrx_word' id='word_1_58' title='bbox 653 1027 753 1088; x_wconf 90' lang='lat' dir='ltr'>adhuc</span> <span class='ocrx_word' id='word_1_59' title='bbox 774 1041 879 1090; x_wconf 82' lang='lat' dir='ltr'>extare</span> <span class='ocrx_word' id='word_1_60' title='bbox 890 1028 909 1090; x_wconf 93' lang='lat'>:’</span> <span class='ocrx_word' id='word_1_61' title='bbox 933 1050 998 1112; x_wconf 87' lang='lat' dir='ltr'>quae</span> <span class='ocrx_word' id='word_1_62' title='bbox 1014 1051 1116 1114; x_wconf 87' lang='lat' dir='ltr'>neque</span> 
     </span>
     <span class='ocr_line' id='line_1_13' title="bbox 114 1111 1116 1196; baseline 0.004 -20"><span class='ocrx_word' id='word_1_63' title='bbox 114 1112 291 1176; x_wconf 85' lang='lat' dir='ltr'>confirmare</span> <span class='ocrx_word' id='word_1_64' title='bbox 314 1114 508 1192; x_wconf 86' lang='lat' dir='ltr'>argumentis,</span> <span class='ocrx_word' id='word_1_65' title='bbox 531 1135 629 1196; x_wconf 88' lang='lat' dir='ltr'>neque</span> <span class='ocrx_word' id='word_1_66' title='bbox 647 1111 785 1176; x_wconf 80' lang='lat' dir='ltr'>refellere</span> <span class='ocrx_word' id='word_1_67' title='bbox 808 1113 837 1176; x_wconf 91' lang='lat' dir='ltr'>in</span> <span class='ocrx_word' id='word_1_68' title='bbox 860 1114 960 1176; x_wconf 90' lang='lat' dir='ltr'>animo</span> <span class='ocrx_word' id='word_1_69' title='bbox 983 1128 1050 1177; x_wconf 87' lang='lat' dir='ltr'>est:</span> <span class='ocrx_word' id='word_1_70' title='bbox 1073 1138 1116 1180; x_wconf 85' lang='lat' dir='ltr'>ex</span> 
     </span>
     <span class='ocr_line' id='line_1_14' title="bbox 113 1187 858 1282; baseline 0.003 -22"><span class='ocrx_word' id='word_1_71' title='bbox 113 1198 234 1279; x_wconf 86' lang='lat' dir='ltr'>ingenio</span> <span class='ocrx_word' id='word_1_72' title='bbox 249 1221 304 1260; x_wconf 92' lang='lat' dir='ltr'>suo</span> <span class='ocrx_word' id='word_1_73' title='bbox 320 1197 445 1282; x_wconf 88' lang='lat' dir='ltr'>quisque</span> <span class='ocrx_word' id='word_1_74' title='bbox 461 1187 573 1274; x_wconf 58' lang='lat' dir='ltr'>demat,</span> <span class='ocrx_word' id='word_1_75' title='bbox 585 1199 633 1260; x_wconf 91' lang='lat' dir='ltr'>vel</span> <span class='ocrx_word' id='word_1_76' title='bbox 649 1193 740 1263; x_wconf 69' lang='lat' dir='ltr'>addai</span> <span class='ocrx_word' id='word_1_77' title='bbox 755 1199 858 1262; x_wconf 89' lang='lat' dir='ltr'>fidem.</span> 
     </span>
    </p>

    <p class='ocr_par' dir='ltr' id='par_1_5' title="bbox 112 1282 1116 1799">
     <span class='ocr_line' id='line_1_15' title="bbox 156 1282 1115 1370; baseline 0.005 -23"><span class='ocrx_word' id='word_1_78' title='bbox 156 1282 307 1367; x_wconf 78' lang='lat' dir='ltr'>1V.1pse</span> <span class='ocrx_word' id='word_1_79' title='bbox 334 1306 439 1346; x_wconf 91' lang='lat' dir='ltr'>eorum</span> <span class='ocrx_word' id='word_1_80' title='bbox 469 1285 659 1367; x_wconf 77' lang='lat' dir='ltr'>opinionibus</span> <span class='ocrx_word' id='word_1_81' title='bbox 689 1285 814 1362; x_wconf 87' lang='lat' dir='ltr'>accedo,</span> <span class='ocrx_word' id='word_1_82' title='bbox 845 1287 894 1370; x_wconf 90' lang='lat' dir='ltr'>qui</span> <span class='ocrx_word' id='word_1_83' title='bbox 922 1286 1115 1352; x_wconf 69' lang='lat' dir='ltr'>‘Germanias</span> 
     </span>
     <span class='ocr_line' id='line_1_16' title="bbox 112 1371 1115 1456; baseline 0.008 -24"><span class='ocrx_word' id='word_1_84' title='bbox 112 1371 241 1456; x_wconf 82' lang='lat' dir='ltr'>populos</span> <span class='ocrx_word' id='word_1_85' title='bbox 267 1371 355 1432; x_wconf 82' lang='lat' dir='ltr'>nuliis</span> <span class='ocrx_word' id='word_1_86' title='bbox 378 1371 442 1434; x_wconf 86' lang='lat' dir='ltr'>aliis</span> <span class='ocrx_word' id='word_1_87' title='bbox 465 1372 588 1432; x_wconf 89' lang='lat' dir='ltr'>aliarum</span> <span class='ocrx_word' id='word_1_88' title='bbox 608 1371 772 1434; x_wconf 87' lang='lat' dir='ltr'>nationum</span> <span class='ocrx_word' id='word_1_89' title='bbox 795 1373 952 1436; x_wconf 87' lang='lat' dir='ltr'>connubiis</span> <span class='ocrx_word' id='word_1_90' title='bbox 975 1373 1115 1453; x_wconf 88' lang='lat' dir='ltr'>insectus,</span> 
     </span>
     <span class='ocr_line' id='line_1_17' title="bbox 113 1442 1116 1542; baseline 0.002 -21"><span class='ocrx_word' id='word_1_91' title='bbox 113 1460 262 1542; x_wconf 81' lang='lat' dir='ltr'>propriam</span> <span class='ocrx_word' id='word_1_92' title='bbox 279 1472 310 1520; x_wconf 91' lang='lat' dir='ltr'>et</span> <span class='ocrx_word' id='word_1_93' title='bbox 334 1458 479 1520; x_wconf 83' lang='lat' dir='ltr'>sinceram</span> <span class='ocrx_word' id='word_1_94' title='bbox 504 1471 534 1518; x_wconf 89' lang='lat' dir='ltr'>et</span> <span class='ocrx_word' id='word_1_95' title='bbox 557 1456 673 1518; x_wconf 79' lang='lat' dir='ltr'>tannim</span> <span class='ocrx_word' id='word_1_96' title='bbox 696 1442 741 1520; x_wconf 83' lang='lat' dir='ltr'>sdi</span> <span class='ocrx_word' id='word_1_97' title='bbox 765 1457 893 1520; x_wconf 90' lang='lat' dir='ltr'>similem</span> <span class='ocrx_word' id='word_1_98' title='bbox 920 1475 1041 1540; x_wconf 85' lang='lat' dir='ltr'>gentem</span> <span class='ocrx_word' id='word_1_99' title='bbox 1058 1482 1116 1524; x_wconf 86' lang='lat' dir='ltr'>ex·</span> 
     </span>
     <span class='ocr_line' id='line_1_18' title="bbox 112 1543 1115 1630; baseline 0.001 -22"><span class='ocrx_word' id='word_1_100' title='bbox 112 1543 228 1620; x_wconf 83' lang='lat' dir='ltr'>titisse,’</span> <span class='ocrx_word' id='word_1_101' title='bbox 244 1545 441 1606; x_wconf 89' lang='lat' dir='ltr'>arbitrantur:</span> <span class='ocrx_word' id='word_1_102' title='bbox 468 1543 547 1605; x_wconf 90' lang='lat' dir='ltr'>unde</span> <span class='ocrx_word' id='word_1_103' title='bbox 564 1543 682 1604; x_wconf 90' lang='lat' dir='ltr'>habitus</span> <span class='ocrx_word' id='word_1_104' title='bbox 699 1564 818 1626; x_wconf 88' lang='lat' dir='ltr'>quoque</span> <span class='ocrx_word' id='word_1_105' title='bbox 831 1566 1001 1627; x_wconf 88' lang='lat' dir='ltr'>corporum,</span> <span class='ocrx_word' id='word_1_106' title='bbox 1019 1567 1115 1630; x_wconf 90' lang='lat' dir='ltr'>quan-</span> 
     </span>
     <span class='ocr_line' id='line_1_19' title="bbox 113 1625 1115 1716; baseline 0.001 -22"><span class='ocrx_word' id='word_1_107' title='bbox 113 1651 203 1716; x_wconf 87' lang='lat' dir='ltr'>quam</span> <span class='ocrx_word' id='word_1_108' title='bbox 219 1625 248 1692; x_wconf 87' lang='lat' dir='ltr'>iri</span> <span class='ocrx_word' id='word_1_109' title='bbox 265 1644 347 1693; x_wconf 88' lang='lat' dir='ltr'>tanto</span> <span class='ocrx_word' id='word_1_110' title='bbox 364 1629 518 1692; x_wconf 92' lang='lat' dir='ltr'>hominum</span> <span class='ocrx_word' id='word_1_111' title='bbox 535 1650 671 1704; x_wconf 88' lang='lat' dir='ltr'>nurnero,</span> <span class='ocrx_word' id='word_1_112' title='bbox 687 1630 767 1690; x_wconf 90' lang='lat' dir='ltr'>idem</span> <span class='ocrx_word' id='word_1_113' title='bbox 784 1631 942 1694; x_wconf 89' lang='lat' dir='ltr'>omnibus:</span> <span class='ocrx_word' id='word_1_114' title='bbox 965 1647 1067 1694; x_wconf 88' lang='lat' dir='ltr'>truces</span> <span class='ocrx_word' id='word_1_115' title='bbox 1082 1646 1115 1696; x_wconf 92' lang='lat' dir='ltr'>et</span> 
     </span>
     <span class='ocr_line' id='line_1_20' title="bbox 112 1717 1113 1799; baseline 0.002 -20"><span class='ocrx_word' id='word_1_116' title='bbox 112 1717 230 1780; x_wconf 85' lang='lat' dir='ltr'>caeruiei</span> <span class='ocrx_word' id='word_1_117' title='bbox 254 1717 344 1791; x_wconf 88' lang='lat' dir='ltr'>oculi,</span> <span class='ocrx_word' id='word_1_118' title='bbox 367 1717 461 1778; x_wconf 75' lang='lat' dir='ltr'>rutile</span> <span class='ocrx_word' id='word_1_119' title='bbox 484 1738 589 1790; x_wconf 81' lang='lat' dir='ltr'>comae,</span> <span class='ocrx_word' id='word_1_120' title='bbox 606 1735 714 1795; x_wconf 84' lang='lat' dir='ltr'>magna</span> <span class='ocrx_word' id='word_1_121' title='bbox 736 1736 863 1799; x_wconf 88' lang='lat' dir='ltr'>corpora</span> <span class='ocrx_word' id='word_1_122' title='bbox 886 1730 917 1779; x_wconf 89' lang='lat' dir='ltr'>et</span> <span class='ocrx_word' id='word_1_123' title='bbox 939 1717 1055 1780; x_wconf 78' lang='lat' dir='ltr'>tannim</span> <span class='ocrx_word' id='word_1_124' title='bbox 1074 1719 1113 1782; x_wconf 85' lang='lat' dir='ltr'>ad</span> 
     </span>
    </p>
   </div>
   <div class='ocr_carea' id='block_1_5' title="bbox 112 1793 1120 1887">
    <p class='ocr_par' dir='ltr' id='par_1_6' title="bbox 112 1793 1120 1887">
     <span class='ocr_line' id='line_1_21' title="bbox 112 1793 1120 1887; baseline 0.001 -21"><span class='ocrx_word' id='word_1_125' title='bbox 112 1801 258 1886; x_wconf 80' lang='lat' dir='ltr'>iinpetum</span> <span class='ocrx_word' id='word_1_126' title='bbox 275 1802 395 1880; x_wconf 80' lang='lat' dir='ltr'>valida3</span> <span class='ocrx_word' id='word_1_127' title='bbox 419 1803 527 1864; x_wconf 79' lang='lat' dir='ltr'>laboris</span> <span class='ocrx_word' id='word_1_128' title='bbox 543 1819 633 1886; x_wconf 86' lang='lat' dir='ltr'>atque</span> <span class='ocrx_word' id='word_1_129' title='bbox 653 1822 780 1884; x_wconf 88' lang='lat' dir='ltr'>operum</span> <span class='ocrx_word' id='word_1_130' title='bbox 797 1793 861 1864; x_wconf 66' lang='lat' dir='ltr'>nun*</span> <span class='ocrx_word' id='word_1_131' title='bbox 873 1803 981 1866; x_wconf 89' lang='lat' dir='ltr'>eadem</span> <span class='ocrx_word' id='word_1_132' title='bbox 998 1803 1120 1887; x_wconf 67' lang='lat' dir='ltr'>patieu-</span> 
     </span>
    </p>
   </div>
   <div class='ocr_carea' id='block_1_6' title="bbox 112 1887 1116 2752">
    <p class='ocr_par' dir='ltr' id='par_1_7' title="bbox 112 1887 1114 2038">
     <span class='ocr_line' id='line_1_22' title="bbox 113 1887 1114 1974; baseline 0.002 -23"><span class='ocrx_word' id='word_1_133' title='bbox 113 1889 173 1952; x_wconf 75' lang='lat' dir='ltr'>tia:</span> <span class='ocrx_word' id='word_1_134' title='bbox 197 1887 380 1970; x_wconf 74' lang='lat' dir='ltr'>minimeque</span> <span class='ocrx_word' id='word_1_135' title='bbox 395 1888 474 1950; x_wconf 87' lang='lat' dir='ltr'>sitim</span> <span class='ocrx_word' id='word_1_136' title='bbox 491 1909 654 1972; x_wconf 67' lang='lat' dir='ltr'>astumque</span> <span class='ocrx_word' id='word_1_137' title='bbox 671 1887 808 1965; x_wconf 88' lang='lat' dir='ltr'>tolerare,</span> <span class='ocrx_word' id='word_1_138' title='bbox 822 1887 927 1971; x_wconf 83' lang='lat' dir='ltr'>frigora</span> <span class='ocrx_word' id='word_1_139' title='bbox 943 1904 1033 1974; x_wconf 85' lang='lat' dir='ltr'>atque</span> <span class='ocrx_word' id='word_1_140' title='bbox 1049 1891 1114 1954; x_wconf 90' lang='lat' dir='ltr'>ine·</span> 
     </span>
     <span class='ocr_line' id='line_1_23' title="bbox 112 1955 626 2038; baseline -0.002 -1"><span class='ocrx_word' id='word_1_141' title='bbox 112 1973 192 2038; x_wconf 91' lang='lat' dir='ltr'>diam</span> <span class='ocrx_word' id='word_1_142' title='bbox 208 1973 289 2036; x_wconf 84' lang='lat' dir='ltr'>coelo</span> <span class='ocrx_word' id='word_1_143' title='bbox 303 1975 406 2036; x_wconf 86' lang='lat' dir='ltr'>solove</span> <span class='ocrx_word' id='word_1_144' title='bbox 418 1955 626 2036; x_wconf 45' lang='lat' dir='ltr'>assuefiunt.</span> 
     </span>
    </p>

    <p class='ocr_par' dir='ltr' id='par_1_8' title="bbox 112 2057 1116 2752">
     <span class='ocr_line' id='line_1_24' title="bbox 158 2057 1113 2144; baseline 0.006 -24"><span class='ocrx_word' id='word_1_145' title='bbox 158 2057 200 2122; x_wconf 91' lang='lat' dir='ltr'>V.</span> <span class='ocrx_word' id='word_1_146' title='bbox 224 2057 331 2135; x_wconf 87' lang='lat' dir='ltr'>Terra,</span> <span class='ocrx_word' id='word_1_147' title='bbox 356 2060 412 2123; x_wconf 91' lang='lat' dir='ltr'>etsi</span> <span class='ocrx_word' id='word_1_148' title='bbox 437 2060 590 2144; x_wconf 76' lang='lat' dir='ltr'>aliquanti&gt;</span> <span class='ocrx_word' id='word_1_149' title='bbox 612 2061 715 2144; x_wconf 88' lang='lat' dir='ltr'>specie</span> <span class='ocrx_word' id='word_1_150' title='bbox 741 2060 850 2137; x_wconf 86' lang='lat' dir='ltr'>differt,</span> <span class='ocrx_word' id='word_1_151' title='bbox 880 2061 909 2123; x_wconf 92' lang='lat' dir='ltr'>in</span> <span class='ocrx_word' id='word_1_152' title='bbox 940 2063 1113 2126; x_wconf 87' lang='lat' dir='ltr'>universum</span> 
     </span>
     <span class='ocr_line' id='line_1_25' title="bbox 114 2146 1114 2230; baseline -0.001 -18"><span class='ocrx_word' id='word_1_153' title='bbox 114 2161 215 2212; x_wconf 87' lang='lat' dir='ltr'>tamen</span> <span class='ocrx_word' id='word_1_154' title='bbox 232 2159 283 2210; x_wconf 87' lang='lat' dir='ltr'>aut</span> <span class='ocrx_word' id='word_1_155' title='bbox 304 2146 397 2229; x_wconf 87' lang='lat' dir='ltr'>sylvis</span> <span class='ocrx_word' id='word_1_156' title='bbox 419 2147 550 2223; x_wconf 88' lang='lat' dir='ltr'>horrida,</span> <span class='ocrx_word' id='word_1_157' title='bbox 574 2162 625 2210; x_wconf 88' lang='lat' dir='ltr'>aut</span> <span class='ocrx_word' id='word_1_158' title='bbox 648 2147 805 2230; x_wconf 84' lang='lat' dir='ltr'>paludibus</span> <span class='ocrx_word' id='word_1_159' title='bbox 828 2146 929 2210; x_wconf 86' lang='lat' dir='ltr'>soeda:</span> <span class='ocrx_word' id='word_1_160' title='bbox 954 2148 1114 2226; x_wconf 90' lang='lat' dir='ltr'>humidior,</span> 
     </span>
     <span class='ocr_line' id='line_1_26' title="bbox 115 2231 1116 2319; baseline 0 -22"><span class='ocrx_word' id='word_1_161' title='bbox 115 2233 175 2318; x_wconf 74' lang='lat' dir='ltr'>qud</span> <span class='ocrx_word' id='word_1_162' title='bbox 190 2233 325 2309; x_wconf 82' lang='lat' dir='ltr'>Gaiiias3</span> <span class='ocrx_word' id='word_1_163' title='bbox 349 2235 510 2310; x_wconf 79' lang='lat' dir='ltr'>ventosior,</span> <span class='ocrx_word' id='word_1_164' title='bbox 534 2231 594 2319; x_wconf 70' lang='lat' dir='ltr'>qud</span> <span class='ocrx_word' id='word_1_165' title='bbox 616 2231 763 2296; x_wconf 88' lang='lat' dir='ltr'>Noricum</span> <span class='ocrx_word' id='word_1_166' title='bbox 779 2255 814 2296; x_wconf 87' lang='lat' dir='ltr'>ac</span> <span class='ocrx_word' id='word_1_167' title='bbox 830 2232 1017 2296; x_wconf 90' lang='lat' dir='ltr'>Pannoniam</span> <span class='ocrx_word' id='word_1_168' title='bbox 1034 2235 1116 2316; x_wconf 89' lang='lat' dir='ltr'>aspi-</span> 
     </span>
     <span class='ocr_line' id='line_1_27' title="bbox 113 2318 1116 2403; baseline -0.001 -19"><span class='ocrx_word' id='word_1_169' title='bbox 113 2323 174 2384; x_wconf 85' lang='lat' dir='ltr'>cit:</span> <span class='ocrx_word' id='word_1_170' title='bbox 199 2320 271 2384; x_wconf 77' lang='lat' dir='ltr'>satis</span> <span class='ocrx_word' id='word_1_171' title='bbox 295 2318 401 2383; x_wconf 80' lang='lat' dir='ltr'>ferax:</span> <span class='ocrx_word' id='word_1_172' title='bbox 424 2319 629 2402; x_wconf 79' lang='lat' dir='ltr'>frugiferarum</span> <span class='ocrx_word' id='word_1_173' title='bbox 653 2319 791 2382; x_wconf 88' lang='lat' dir='ltr'>arborum</span> <span class='ocrx_word' id='word_1_174' title='bbox 819 2320 995 2403; x_wconf 79' lang='lat' dir='ltr'>impatiens:</span> <span class='ocrx_word' id='word_1_175' title='bbox 1020 2341 1116 2402; x_wconf 89' lang='lat' dir='ltr'>peco-</span> 
     </span>
     <span class='ocr_line' id='line_1_28' title="bbox 112 2405 1115 2490; baseline 0 -21"><span class='ocrx_word' id='word_1_176' title='bbox 112 2427 179 2470; x_wconf 88' lang='lat' dir='ltr'>rum</span> <span class='ocrx_word' id='word_1_177' title='bbox 196 2406 346 2481; x_wconf 80' lang='lat' dir='ltr'>soecunda,</span> <span class='ocrx_word' id='word_1_178' title='bbox 358 2406 412 2468; x_wconf 88' lang='lat' dir='ltr'>sed</span> <span class='ocrx_word' id='word_1_179' title='bbox 430 2407 608 2490; x_wconf 88' lang='lat' dir='ltr'>plerumque</span> <span class='ocrx_word' id='word_1_180' title='bbox 623 2405 812 2488; x_wconf 85' lang='lat' dir='ltr'>improcera:</span> <span class='ocrx_word' id='word_1_181' title='bbox 834 2426 873 2467; x_wconf 89' lang='lat' dir='ltr'>ne</span> <span class='ocrx_word' id='word_1_182' title='bbox 889 2406 1030 2468; x_wconf 72' lang='lat' dir='ltr'>armentis</span> <span class='ocrx_word' id='word_1_183' title='bbox 1047 2407 1115 2490; x_wconf 91' lang='lat' dir='ltr'>qui·</span> 
     </span>
     <span class='ocr_line' id='line_1_29' title="bbox 114 2489 1113 2574; baseline 0 -18"><span class='ocrx_word' id='word_1_184' title='bbox 114 2492 184 2556; x_wconf 87' lang='lat' dir='ltr'>dem</span> <span class='ocrx_word' id='word_1_185' title='bbox 214 2513 286 2554; x_wconf 88' lang='lat' dir='ltr'>suus</span> <span class='ocrx_word' id='word_1_186' title='bbox 315 2491 420 2567; x_wconf 86' lang='lat' dir='ltr'>honor,</span> <span class='ocrx_word' id='word_1_187' title='bbox 451 2507 502 2554; x_wconf 91' lang='lat' dir='ltr'>aut</span> <span class='ocrx_word' id='word_1_188' title='bbox 532 2493 624 2573; x_wconf 85' lang='lat' dir='ltr'>gloria</span> <span class='ocrx_word' id='word_1_189' title='bbox 655 2489 776 2555; x_wconf 81' lang='lat' dir='ltr'>frontis:</span> <span class='ocrx_word' id='word_1_190' title='bbox 807 2513 934 2554; x_wconf 88' lang='lat' dir='ltr'>numeru</span> <span class='ocrx_word' id='word_1_191' title='bbox 959 2493 1113 2574; x_wconf 82' lang='lat' dir='ltr'>gaudent3</span> 
     </span>
     <span class='ocr_line' id='line_1_30' title="bbox 113 2577 1113 2662; baseline -0.001 -20"><span class='ocrx_word' id='word_1_192' title='bbox 113 2599 217 2662; x_wconf 78' lang='lat' dir='ltr'>eaeque</span> <span class='ocrx_word' id='word_1_193' title='bbox 233 2577 303 2640; x_wconf 80' lang='lat' dir='ltr'>solae</span> <span class='ocrx_word' id='word_1_194' title='bbox 319 2591 349 2639; x_wconf 88' lang='lat' dir='ltr'>et</span> <span class='ocrx_word' id='word_1_195' title='bbox 365 2578 536 2658; x_wconf 77' lang='lat' dir='ltr'>gratissime</span> <span class='ocrx_word' id='word_1_196' title='bbox 552 2599 627 2661; x_wconf 90' lang='lat' dir='ltr'>opes</span> <span class='ocrx_word' id='word_1_197' title='bbox 642 2591 723 2640; x_wconf 88' lang='lat' dir='ltr'>sunt.</span> <span class='ocrx_word' id='word_1_198' title='bbox 768 2577 940 2660; x_wconf 85' lang='lat' dir='ltr'>Argentum</span> <span class='ocrx_word' id='word_1_199' title='bbox 959 2594 990 2640; x_wconf 86' lang='lat' dir='ltr'>et</span> <span class='ocrx_word' id='word_1_200' title='bbox 1006 2599 1113 2642; x_wconf 89' lang='lat' dir='ltr'>aurum</span> 
     </span>
     <span class='ocr_line' id='line_1_31' title="bbox 113 2661 1114 2752; baseline 0 -24"><span class='ocrx_word' id='word_1_201' title='bbox 113 2664 232 2752; x_wconf 88' lang='lat' dir='ltr'>propitii</span> <span class='ocrx_word' id='word_1_202' title='bbox 248 2685 285 2726; x_wconf 85' lang='lat' dir='ltr'>an</span> <span class='ocrx_word' id='word_1_203' title='bbox 302 2664 367 2726; x_wconf 88' lang='lat' dir='ltr'>irati</span> <span class='ocrx_word' id='word_1_204' title='bbox 380 2663 430 2726; x_wconf 92' lang='lat' dir='ltr'>Dii</span> <span class='ocrx_word' id='word_1_205' title='bbox 441 2665 625 2748; x_wconf 83' lang='lat' dir='ltr'>negaverint,</span> <span class='ocrx_word' id='word_1_206' title='bbox 639 2664 753 2728; x_wconf 85' lang='lat' dir='ltr'>dubito.</span> <span class='ocrx_word' id='word_1_207' title='bbox 799 2661 868 2726; x_wconf 89' lang='lat' dir='ltr'>Nec</span> <span class='ocrx_word' id='word_1_208' title='bbox 884 2677 985 2726; x_wconf 89' lang='lat' dir='ltr'>tamen</span> <span class='ocrx_word' id='word_1_209' title='bbox 1002 2665 1114 2728; x_wconf 86' lang='lat' dir='ltr'>affirm-</span> 
     </span>
    </p>
   </div>
   <div class='ocr_carea' id='block_1_7' title="bbox 113 2750 1123 2832">
    <p class='ocr_par' dir='ltr' id='par_1_9' title="bbox 113 2750 1123 2832">
     <span class='ocr_line' id='line_1_32' title="bbox 113 2750 1123 2832; baseline -0.004 -16"><span class='ocrx_word' id='word_1_210' title='bbox 113 2752 238 2828; x_wconf 83' lang='lat' dir='ltr'>averim,</span> <span class='ocrx_word' id='word_1_211' title='bbox 254 2751 366 2814; x_wconf 88' lang='lat' dir='ltr'>nullam</span> <span class='ocrx_word' id='word_1_212' title='bbox 383 2750 552 2814; x_wconf 72' lang='lat' dir='ltr'>Germaniae</span> <span class='ocrx_word' id='word_1_213' title='bbox 575 2773 684 2812; x_wconf 89' lang='lat' dir='ltr'>venam</span> <span class='ocrx_word' id='word_1_214' title='bbox 707 2763 865 2831; x_wconf 87' lang='lat' dir='ltr'>argentum</span> <span class='ocrx_word' id='word_1_215' title='bbox 887 2771 1031 2812; x_wconf 89' lang='lat' dir='ltr'>aurumve</span> <span class='ocrx_word' id='word_1_216' title='bbox 1047 2751 1123 2832; x_wconf 66' lang='lat' dir='ltr'>gig-,</span> 
     </span>
    </p>
   </div>
   <div class='ocr_carea' id='block_1_8' title="bbox 112 2836 1113 3526">
    <p class='ocr_par' dir='ltr' id='par_1_10' title="bbox 112 2836 1113 3526">
     <span class='ocr_line' id='line_1_33' title="bbox 112 2836 1111 2924; baseline -0.003 -21"><span class='ocrx_word' id='word_1_217' title='bbox 112 2861 202 2903; x_wconf 87' lang='lat' dir='ltr'>nere:</span> <span class='ocrx_word' id='word_1_218' title='bbox 228 2838 292 2924; x_wconf 90' lang='lat' dir='ltr'>quis</span> <span class='ocrx_word' id='word_1_219' title='bbox 309 2839 389 2900; x_wconf 92' lang='lat' dir='ltr'>enim</span> <span class='ocrx_word' id='word_1_220' title='bbox 412 2851 560 2900; x_wconf 87' lang='lat' dir='ltr'>scrutatus</span> <span class='ocrx_word' id='word_1_221' title='bbox 583 2839 651 2899; x_wconf 86' lang='lat' dir='ltr'>est?</span> <span class='ocrx_word' id='word_1_222' title='bbox 676 2837 865 2920; x_wconf 86' lang='lat' dir='ltr'>possessione</span> <span class='ocrx_word' id='word_1_223' title='bbox 892 2851 923 2898; x_wconf 92' lang='lat' dir='ltr'>et</span> <span class='ocrx_word' id='word_1_224' title='bbox 949 2859 1004 2898; x_wconf 91' lang='lat' dir='ltr'>usu</span> <span class='ocrx_word' id='word_1_225' title='bbox 1029 2836 1111 2900; x_wconf 92' lang='lat' dir='ltr'>haud</span> 
     </span>
     <span class='ocr_line' id='line_1_34' title="bbox 113 2921 1112 3012; baseline -0.003 -23"><span class='ocrx_word' id='word_1_226' title='bbox 113 2925 238 3012; x_wconf 85' lang='lat' dir='ltr'>perinde</span> <span class='ocrx_word' id='word_1_227' title='bbox 257 2925 435 2988; x_wconf 84' lang='lat' dir='ltr'>afficiuntur.</span> <span class='ocrx_word' id='word_1_228' title='bbox 481 2923 538 2988; x_wconf 87' lang='lat' dir='ltr'>Est</span> <span class='ocrx_word' id='word_1_229' title='bbox 555 2923 657 2986; x_wconf 89' lang='lat' dir='ltr'>videre</span> <span class='ocrx_word' id='word_1_230' title='bbox 681 2921 759 3006; x_wconf 88' lang='lat' dir='ltr'>apud</span> <span class='ocrx_word' id='word_1_231' title='bbox 784 2923 849 2986; x_wconf 85' lang='lat' dir='ltr'>illus</span> <span class='ocrx_word' id='word_1_232' title='bbox 871 2938 1014 3005; x_wconf 84' lang='lat' dir='ltr'>argentea</span> <span class='ocrx_word' id='word_1_233' title='bbox 1029 2943 1112 3001; x_wconf 88' lang='lat' dir='ltr'>vasa,</span> 
     </span>
     <span class='ocr_line' id='line_1_35' title="bbox 112 3007 1112 3095; baseline -0.005 -18"><span class='ocrx_word' id='word_1_234' title='bbox 112 3013 218 3095; x_wconf 84' lang='lat' dir='ltr'>legatis</span> <span class='ocrx_word' id='word_1_235' title='bbox 227 3027 259 3075; x_wconf 91' lang='lat' dir='ltr'>et</span> <span class='ocrx_word' id='word_1_236' title='bbox 268 3011 459 3095; x_wconf 86' lang='lat' dir='ltr'>Principibus</span> <span class='ocrx_word' id='word_1_237' title='bbox 470 3032 573 3074; x_wconf 90' lang='lat' dir='ltr'>eorum</span> <span class='ocrx_word' id='word_1_238' title='bbox 586 3009 704 3072; x_wconf 87' lang='lat' dir='ltr'>muneri</span> <span class='ocrx_word' id='word_1_239' title='bbox 715 3008 795 3086; x_wconf 89' lang='lat' dir='ltr'>data,</span> <span class='ocrx_word' id='word_1_240' title='bbox 807 3031 866 3072; x_wconf 92' lang='lat' dir='ltr'>non</span> <span class='ocrx_word' id='word_1_241' title='bbox 877 3009 905 3071; x_wconf 91' lang='lat' dir='ltr'>in</span> <span class='ocrx_word' id='word_1_242' title='bbox 917 3007 974 3071; x_wconf 73' lang='lat' dir='ltr'>alid</span> <span class='ocrx_word' id='word_1_243' title='bbox 988 3009 1112 3087; x_wconf 83' lang='lat' dir='ltr'>vilitate,</span> 
     </span>
     <span class='ocr_line' id='line_1_36' title="bbox 115 3096 1112 3184; baseline -0.003 -23"><span class='ocrx_word' id='word_1_244' title='bbox 115 3099 204 3184; x_wconf 72' lang='lat' dir='ltr'>quarn</span> <span class='ocrx_word' id='word_1_245' title='bbox 228 3121 293 3182; x_wconf 82' lang='lat' dir='ltr'>quae</span> <span class='ocrx_word' id='word_1_246' title='bbox 311 3099 404 3160; x_wconf 90' lang='lat' dir='ltr'>humo</span> <span class='ocrx_word' id='word_1_247' title='bbox 419 3099 592 3179; x_wconf 83' lang='lat' dir='ltr'>finguntur:</span> <span class='ocrx_word' id='word_1_248' title='bbox 615 3117 785 3181; x_wconf 89' lang='lat' dir='ltr'>quanquam</span> <span class='ocrx_word' id='word_1_249' title='bbox 808 3096 947 3180; x_wconf 81' lang='lat' dir='ltr'>proximi,</span> <span class='ocrx_word' id='word_1_250' title='bbox 969 3096 1009 3176; x_wconf 90' lang='lat' dir='ltr'>ob</span> <span class='ocrx_word' id='word_1_251' title='bbox 1025 3117 1112 3158; x_wconf 91' lang='lat' dir='ltr'>usum</span> 
     </span>
     <span class='ocr_line' id='line_1_37' title="bbox 113 3180 1113 3265; baseline -0.005 -16"><span class='ocrx_word' id='word_1_252' title='bbox 113 3186 375 3261; x_wconf 86' lang='lat' dir='ltr'>commerciorum,</span> <span class='ocrx_word' id='word_1_253' title='bbox 391 3205 496 3246; x_wconf 89' lang='lat' dir='ltr'>aurum</span> <span class='ocrx_word' id='word_1_254' title='bbox 519 3199 550 3246; x_wconf 90' lang='lat' dir='ltr'>et</span> <span class='ocrx_word' id='word_1_255' title='bbox 573 3197 728 3264; x_wconf 85' lang='lat' dir='ltr'>argentum</span> <span class='ocrx_word' id='word_1_256' title='bbox 753 3183 781 3244; x_wconf 91' lang='lat' dir='ltr'>in</span> <span class='ocrx_word' id='word_1_257' title='bbox 798 3181 894 3265; x_wconf 86' lang='lat' dir='ltr'>pretio</span> <span class='ocrx_word' id='word_1_258' title='bbox 915 3181 1038 3258; x_wconf 89' lang='lat' dir='ltr'>babent,</span> <span class='ocrx_word' id='word_1_259' title='bbox 1053 3180 1113 3244; x_wconf 88' lang='lat' dir='ltr'>sor-</span> 
     </span>
     <span class='ocr_line' id='line_1_38' title="bbox 113 3269 1110 3356; baseline -0.002 -22"><span class='ocrx_word' id='word_1_260' title='bbox 113 3292 239 3356; x_wconf 89' lang='lat' dir='ltr'>masque</span> <span class='ocrx_word' id='word_1_261' title='bbox 251 3271 395 3355; x_wconf 84' lang='lat' dir='ltr'>quasdam</span> <span class='ocrx_word' id='word_1_262' title='bbox 412 3285 518 3334; x_wconf 74' lang='lat' dir='ltr'>nostre</span> <span class='ocrx_word' id='word_1_263' title='bbox 536 3269 673 3353; x_wconf 79' lang='lat' dir='ltr'>pecunia</span> <span class='ocrx_word' id='word_1_264' title='bbox 688 3281 854 3351; x_wconf 82' lang='lat' dir='ltr'>agnoscunt</span> <span class='ocrx_word' id='word_1_265' title='bbox 869 3282 959 3352; x_wconf 87' lang='lat' dir='ltr'>atque</span> <span class='ocrx_word' id='word_1_266' title='bbox 975 3269 1089 3350; x_wconf 79' lang='lat' dir='ltr'>eligunt</span> <span class='ocrx_word' id='word_1_267' title='bbox 1102 3290 1110 3332; x_wconf 75' lang='grc' dir='ltr'><em>τ</em></span> 
     </span>
     <span class='ocr_line' id='line_1_39' title="bbox 112 3354 1111 3440; baseline -0.005 -18"><span class='ocrx_word' id='word_1_268' title='bbox 112 3359 266 3422; x_wconf 76' lang='lat' dir='ltr'>interiores</span> <span class='ocrx_word' id='word_1_269' title='bbox 292 3357 455 3440; x_wconf 85' lang='lat' dir='ltr'>simplicius</span> <span class='ocrx_word' id='word_1_270' title='bbox 485 3370 516 3418; x_wconf 88' lang='lat' dir='ltr'>et</span> <span class='ocrx_word' id='word_1_271' title='bbox 546 3354 694 3440; x_wconf 75' lang='lat' dir='ltr'>antiquitis</span> <span class='ocrx_word' id='word_1_272' title='bbox 725 3355 943 3438; x_wconf 86' lang='lat' dir='ltr'>permutatione</span> <span class='ocrx_word' id='word_1_273' title='bbox 966 3354 1111 3418; x_wconf 89' lang='lat' dir='ltr'>mercium</span> 
     </span>
     <span class='ocr_line' id='line_1_40' title="bbox 114 3440 1112 3526; baseline -0.006 -17"><span class='ocrx_word' id='word_1_274' title='bbox 114 3459 247 3509; x_wconf 87' lang='lat' dir='ltr'>utuntur.</span> <span class='ocrx_word' id='word_1_275' title='bbox 293 3442 460 3506; x_wconf 89' lang='lat' dir='ltr'>Pecuniam</span> <span class='ocrx_word' id='word_1_276' title='bbox 485 3443 610 3526; x_wconf 82' lang='lat' dir='ltr'>probant</span> <span class='ocrx_word' id='word_1_277' title='bbox 626 3456 759 3504; x_wconf 88' lang='lat' dir='ltr'>veterem</span> <span class='ocrx_word' id='word_1_278' title='bbox 782 3455 813 3502; x_wconf 89' lang='lat' dir='ltr'>et</span> <span class='ocrx_word' id='word_1_279' title='bbox 839 3440 889 3503; x_wconf 90' lang='lat' dir='ltr'>din</span> <span class='ocrx_word' id='word_1_280' title='bbox 912 3455 1026 3517; x_wconf 87' lang='lat' dir='ltr'>notam,</span> <span class='ocrx_word' id='word_1_281' title='bbox 1048 3461 1112 3504; x_wconf 88' lang='lat' dir='ltr'>ser·</span> 
     </span>
    </p>
   </div>
   <div class='ocr_carea' id='block_1_9' title="bbox 113 3525 1119 3614">
    <p class='ocr_par' dir='ltr' id='par_1_11' title="bbox 113 3525 1119 3614">
     <span class='ocr_line' id='line_1_41' title="bbox 113 3525 1119 3614; baseline -0.006 -18"><span class='ocrx_word' id='word_1_282' title='bbox 113 3547 202 3606; x_wconf 79' lang='lat' dir='ltr'>ratos,</span> <span class='ocrx_word' id='word_1_283' title='bbox 219 3529 405 3614; x_wconf 81' lang='lat' dir='ltr'>bigatosque.</span> <span class='ocrx_word' id='word_1_284' title='bbox 451 3531 618 3611; x_wconf 81' lang='lat' dir='ltr'>Argentum</span> <span class='ocrx_word' id='word_1_285' title='bbox 636 3549 768 3613; x_wconf 89' lang='lat' dir='ltr'>quoque,</span> <span class='ocrx_word' id='word_1_286' title='bbox 785 3525 881 3610; x_wconf 85' lang='lat' dir='ltr'>magis</span> <span class='ocrx_word' id='word_1_287' title='bbox 899 3527 988 3611; x_wconf 76' lang='lat' dir='ltr'>qubm</span> <span class='ocrx_word' id='word_1_288' title='bbox 1005 3548 1119 3590; x_wconf 86' lang='lat' dir='ltr'>aurum</span> 
     </span>
    </p>
   </div>
   <div class='ocr_carea' id='block_1_10' title="bbox 111 3614 1111 3786">
    <p class='ocr_par' dir='ltr' id='par_1_12' title="bbox 111 3614 1111 3786">
     <span class='ocr_line' id='line_1_42' title="bbox 113 3614 1111 3703; baseline -0.005 -21"><span class='ocrx_word' id='word_1_289' title='bbox 113 3633 289 3703; x_wconf 85' lang='lat' dir='ltr'>sequuntur,</span> <span class='ocrx_word' id='word_1_290' title='bbox 305 3615 388 3678; x_wconf 66' lang='lat' dir='ltr'>nuile</span> <span class='ocrx_word' id='word_1_291' title='bbox 402 3616 562 3680; x_wconf 84' lang='lat' dir='ltr'>affectione</span> <span class='ocrx_word' id='word_1_292' title='bbox 578 3615 679 3692; x_wconf 87' lang='lat' dir='ltr'>animi,</span> <span class='ocrx_word' id='word_1_293' title='bbox 696 3614 749 3678; x_wconf 89' lang='lat' dir='ltr'>sed</span> <span class='ocrx_word' id='word_1_294' title='bbox 766 3614 835 3698; x_wconf 87' lang='lat' dir='ltr'>quia</span> <span class='ocrx_word' id='word_1_295' title='bbox 850 3635 992 3679; x_wconf 89' lang='lat' dir='ltr'>numerus</span> <span class='ocrx_word' id='word_1_296' title='bbox 1004 3635 1111 3696; x_wconf 85' lang='lat' dir='ltr'>argen-</span> 
     </span>
     <span class='ocr_line' id='line_1_43' title="bbox 111 3701 1047 3786; baseline -0.005 -17"><span class='ocrx_word' id='word_1_297' title='bbox 111 3719 229 3768; x_wconf 88' lang='lat' dir='ltr'>teorum</span> <span class='ocrx_word' id='word_1_298' title='bbox 244 3701 358 3767; x_wconf 81' lang='lat' dir='ltr'>fecilior</span> <span class='ocrx_word' id='word_1_299' title='bbox 369 3704 434 3766; x_wconf 85' lang='lat' dir='ltr'>usui</span> <span class='ocrx_word' id='word_1_300' title='bbox 450 3715 496 3768; x_wconf 88' lang='lat' dir='ltr'>est</span> <span class='ocrx_word' id='word_1_301' title='bbox 511 3703 682 3786; x_wconf 85' lang='lat' dir='ltr'>promiscua</span> <span class='ocrx_word' id='word_1_302' title='bbox 697 3722 734 3766; x_wconf 84' lang='lat' dir='ltr'>ac</span> <span class='ocrx_word' id='word_1_303' title='bbox 751 3701 819 3766; x_wconf 86' lang='lat' dir='ltr'>viiia</span> <span class='ocrx_word' id='word_1_304' title='bbox 834 3701 1047 3766; x_wconf 86' lang='lat' dir='ltr'>mercantibus.</span> 
     </span>
    </p>
   </div>
   <div class='ocr_carea' id='block_1_11' title="bbox 0 0 1262 4318">
    <p class='ocr_par' dir='ltr' id='par_1_13' title="bbox 0 0 1262 4318">
     <span class='ocr_line' id='line_1_44' title="bbox 0 0 1262 4318; baseline 0 1"><span class='ocrx_word' id='word_1_305' title='bbox 0 0 1262 4318; x_wconf 95' lang='lat' dir='ltr'> </span> 
     </span>
    </p>
   </div>
  </div>
 </body>
</html>
