2556 4446
384 322 429 368 ns
453 299 671 368 Onsnoamos
695 299 882 369 Dianoeas.
1071 305 1137 374 239

135 483 278 553 utrosque
302 465 541 530 modbstudiosb
557 467 728 545 audiebam,
745 467 798 532 sed
813 465 894 530 domi
915 482 1085 554 quoquest
1108 471 1137 535 in

136 555 258 640 publico
274 554 455 630 assectahar,
481 554 555 616 mirb
580 556 746 621 studiorum
761 555 926 638 cupiditate
949 567 980 616 et
1005 556 1138 638 quodam

136 643 242 706 ardore
254 640 391 726 juvenili,
417 655 451 702 ut
471 639 585 704 fabulas
601 663 721 726 quoque
738 661 842 704 eorum
868 656 898 705 et
920 640 1139 727 disputationes

135 743 168 792 et
192 749 299 791 arcana
326 741 447 790 semote
470 728 607 790 dictionis
631 730 750 813 penitus
774 727 968 810 exciperem:
1001 730 1137 812 quamvis

135 814 266 898 maligne
284 812 419 898 plerique
435 813 643 897 opinarentur,
662 835 720 878 nec
745 813 888 876 Secundo
905 829 1053 896 promtum
1070 836 1137 878 esse

136 923 318 978 sermonem,
331 915 362 963 et
377 901 493 984 Aprum
510 899 631 982 ingenio
647 899 744 983 potiirs
758 915 791 964 et
805 900 832 962 vi
848 915 970 976 nature,
987 901 1076 985 quam
1092 901 1137 972 in,-

134 989 287 1064 stitutione
304 1000 335 1050 et
354 987 457 1063 literis,
483 985 592 1049 lamam
609 987 787 1070 eloquentie
799 1002 1010 1050 consecutum.
1055 987 1138 1051 Nam

135 1089 167 1138 et
184 1073 329 1137 Secundo
346 1095 436 1157 purus
452 1086 482 1136 et
498 1094 617 1157 pressus
629 1089 669 1149 et,
686 1075 714 1135 in
732 1087 875 1157 quantum
891 1071 1052 1151 satiserat,
1068 1095 1139 1158 pro·

136 1160 234 1224 fluens
249 1181 348 1223 sermo
364 1181 423 1223 non
440 1159 552 1223 deluit:
576 1174 608 1222 et
623 1161 720 1243 Aper,
733 1160 885 1244 communi
901 1161 1067 1224 eruditione
1083 1162 1139 1224 im·

135 1247 235 1324 butus,
251 1247 463 1310 contemnebat
480 1247 566 1331 poths
582 1248 692 1322 literas,
709 1245 799 1332 quiam
816 1247 980 1324 nesciebat,
996 1261 1138 1333 tanquam

134 1333 280 1418 majorem
293 1334 443 1397 industrie
459 1350 490 1397 et
505 1335 613 1398 laboris
629 1335 753 1416 gloriam
769 1334 934 1411 habiturus,
949 1335 974 1397 si
986 1335 1138 1418 ingenium

135 1419 201 1506 ejus
217 1421 305 1484 nullis
320 1421 485 1484 alienarum
502 1423 608 1486 artium
626 1421 812 1484 adminiculis
827 1421 911 1484 inniti
925 1421 1086 1484 videretur.

131 1543 134 1546 ·
178 1507 237 1570 ΙΙΙ.
261 1507 365 1591 Igitur,
392 1524 424 1572 ut
439 1509 615 1570 intravimus
630 1508 803 1570 cubiculum
819 1505 962 1582 Materni,
978 1507 1135 1570 sedentem

136 1595 244 1677 ipsum,
261 1610 301 1671 et,
318 1615 408 1677 quem
425 1594 520 1676 pridie
536 1595 725 1668 recitaverat,
741 1593 849 1665 librum
865 1593 940 1654 intra
955 1612 1062 1655 manus
1084 1593 1138 1654 ha·

135 1681 269 1755 bentem,
282 1679 550 1760 deprehendimus.

177 1765 261 1828 Tum
278 1762 455 1836 Secundus:
481 1764 573 1827 Nilne
588 1778 631 1841 te,
652 1763 756 1848 inquit,
783 1761 934 1840 Materne,
950 1760 1057 1826 labulae
1073 1785 1137 1827 ma·

134 1851 282 1933 lignorum
309 1864 430 1926 terrent,
458 1850 518 1934 qud
543 1851 640 1914 minias
663 1850 793 1914 offensas
808 1848 934 1914 Catonis
959 1850 1002 1914 tui
1028 1853 1136 1914 ames?

135 1939 186 2000 An
203 1936 272 2000 ideo
287 1937 394 1999 librum
410 1937 499 2000 istum
516 1936 753 2022 apprehendisti,
778 1951 812 2000 ut
839 1932 1010 2020 diligentiirs
1026 1951 1138 2002 retrac-

135 2038 225 2101 tares,
241 2040 271 2087 et
286 2022 418 2099 sublatis,
430 2025 454 2086 si
467 2046 532 2108 que
549 2045 671 2109 prauam
687 2024 900 2107 interpretandi
916 2023 1072 2088 materiam
1085 2025 1139 2088 de-

135 2111 254 2188 deront,
271 2109 424 2174 emitteres
440 2109 602 2190 Catonem,
617 2133 678 2175 noo
694 2111 817 2196 quidem
832 2111 1000 2190 meliorem,
1023 2112 1077 2176 sed
1093 2125 1139 2176 ta·

135 2219 204 2260 men
220 2197 425 2260 securiorem?
865 2221 869 2228 ·

178 2283 261 2346 Tum
277 2283 346 2346 ille:
371 2282 473 2366 Leges
489 2297 532 2360 tu,
549 2283 619 2368 quid
636 2282 795 2347 Maternus
810 2284 865 2346 sibi
881 2283 1027 2358 debuerit,
1040 2298 1070 2347 et
1084 2304 1138 2366 ag-

135 2390 252 2446 nosoeS,
277 2391 342 2455 que
358 2371 477 2432 audisti.
523 2369 619 2443 Qubd
641 2370 665 2432 si
691 2391 750 2454 qua
764 2369 864 2432 omisit
885 2367 977 2446 Cato,
990 2371 1137 2454 sequenti

134 2457 310 2520 recitatione
333 2455 489 2541 Thyestes
512 2458 604 2520 dicet.
649 2454 741 2520 Hanc
766 2455 846 2518 enirn
873 2456 1051 2539 tragoediam
1077 2456 1138 2519 dis·

136 2545 221 2627 posui
233 2544 297 2630 jam
321 2557 351 2606 et
376 2545 451 2608 intra
467 2545 595 2629 meipsa
611 2541 747 2606 formavi.
785 2541 889 2627 Atque
904 2542 974 2606 ideo
988 2557 1138 2609 maturare

135 2631 202 2694 libri
218 2630 306 2716 hujus
321 2631 483 2695 editionem
500 2631 618 2707 festino,
642 2645 674 2693 ut
700 2628 823 2694 dimisse
837 2629 935 2715 priore
951 2629 1034 2708 curli,
1050 2651 1136 2718 nove

133 2719 308 2800 cogitationi
323 2733 387 2781 toto
404 2734 526 2800 pectore
539 2718 723 2780 incumbam.

180 2805 269 2866 Aded
284 2819 313 2866 te
329 2803 481 2882 tragoediae
497 2803 559 2864 iste
574 2824 633 2864 non
650 2803 767 2879 satiant,
780 2803 875 2886 inquit
891 2802 989 2885 Aper,
1005 2801 1066 2887 qud
1081 2803 1138 2866 mi·

134 2889 191 2951 niis
206 2889 322 2950 omissis
347 2889 515 2950 orationum
542 2903 573 2952 et
588 2909 746 2951 causarum
761 2889 877 2964 studiis,
903 2909 994 2950 omne
1017 2903 1137 2972 tempus

134 2973 227 3038 modd
242 2975 322 3036 circa
333 2973 489 3051 Medeam,
502 2995 574 3038 ecce
587 2997 668 3038 nunc
678 2975 759 3038 circa
770 2973 942 3058 Thyesten,
954 2977 1136 3042 consumas?

134 3061 205 3124 oiim
222 3075 265 3123 tot
281 3062 444 3123 amicorum
461 3083 569 3138 cause,
594 3075 637 3124 tot
661 3061 845 3125 coloniarum
861 3075 892 3124 et
908 3060 1136 3144 municipiorum

135 3148 293 3224 clientelae,
320 3148 349 3210 in
377 3146 472 3210 sorum
498 3163 618 3224 vocent,
643 3149 750 3233 quibus
774 3148 825 3210 vix
851 3149 1005 3211 sufficeres
1020 3146 1137 3208 etiamsi

135 3255 194 3297 non
211 3256 322 3296 novum
347 3234 399 3296 tibi
423 3235 488 3318 ipse
504 3236 656 3318 negotium
673 3233 876 3318 importasses.
921 3233 1089 3296 Domitium
1106 3245 1138 3296 et
1186 3309 1191 3312 Q

136 3319 299 3397 Catonem,
320 3321 349 3383 id
374 3336 431 3397 cst,
456 3338 569 3384 nostras
586 3343 706 3406 quoque
722 3321 857 3384 historias
872 3333 904 3382 et
919 3319 1061 3383 Romana
1083 3339 1138 3382 no·

135 3409 215 3470 mina
232 3407 406 3471 Graecorum
423 3407 529 3470 sabulis
545 3429 718 3490 aggregare.

179 3493 235 3556 IV.
261 3494 302 3556 Et
318 3494 493 3558 Maternus:
518 3493 715 3556 Perturbarer
731 3495 787 3556 hac
809 3493 863 3556 tub
884 3493 1057 3570 severitate,
1081 3493 1137 3558 nisi
1239 3505 1240 3508 ’

135 3579 276 3665 frequens
289 3603 324 3644 ac
340 3581 458 3644 assidua
474 3581 558 3643 nobis
574 3581 729 3644 contentio
740 3580 803 3666 jam
821 3579 915 3664 prope
930 3580 959 3642 in
975 3595 1137 3645 consuetu·

136 3667 236 3730 dinem
252 3669 401 3732 vertisset.
447 3667 527 3731 Nam
545 3689 601 3730 nec
617 3683 648 3730 tu
666 3669 776 3748 agitare
793 3682 825 3731 et
839 3667 955 3752 insequi
973 3684 1077 3750 poetas
1094 3668 1138 3730 in·

135 3755 283 3832 terrnittis,
300 3771 330 3818 et
346 3777 414 3838 ego,
430 3757 478 3819 cui
495 3756 640 3818 desidiam
656 3755 889 3818 advocationum
904 3754 1019 3841 objicis,
1043 3753 1138 3838 quoti-

136 3841 258 3906 dianum
279 3845 338 3907 hoc
353 3845 550 3929 patrocinium
573 3841 771 3906 defendendae
787 3841 929 3908 adversus
955 3857 985 3906 te
1012 3840 1137 3926 poetice
