2508 4254
143 166 185 230 A.
202 163 244 231 C.
260 166 329 248 69.]
431 163 574 230 Hrsaoa.
597 163 674 228 Lm.
697 162 864 228 Tartarus.
1086 162 1146 224 101

144 329 232 416 partia
246 352 368 394 suorum
392 328 491 408 clade,
507 331 536 392 in
554 329 687 414 praelium
703 329 818 411 accingi
834 349 869 392 ac
881 326 945 414 jam
962 324 1078 390 affore’
1117 316 1148 388 Is

144 433 240 482 terror
261 417 430 482 obstructas
453 435 569 480 mentes
589 415 719 480 consiliis
745 415 843 478 Ducis
859 414 987 498 aperuit.
1033 413 1148 476 Sistere

142 505 262 568 tertiam
279 503 429 567 decimam
444 504 606 586 legionem,
633 505 662 566 in
686 503 751 586 ipso
776 503 829 566 viae
846 501 1010 566 Postumiae
1025 519 1148 584 aggere,

137 590 237 677 jubet,
262 591 310 654 cui
322 591 429 677 juncta
453 613 470 654 a
487 592 561 654 lavo
575 591 703 675 septima
720 589 879 665 Galbiana,
896 587 1011 672 patenti
1037 607 1147 670 campo

141 679 236 756 stetit,
253 677 321 741 dein
338 679 466 762 septima
481 676 663 754 Claudiana,
679 677 788 760 agresti
805 675 884 740 lossii
897 675 952 760 (ita
967 675 1052 738 locus
1067 670 1147 755 erat)

141 765 340 851 praemuni1a3
363 765 483 842 dextro,
499 780 607 828 octava
623 785 677 849 per
691 777 828 848 apertum
845 763 982 839 limitem,
999 781 1072 824 mox
1087 775 1148 822 ter·

142 851 194 930 tia,
210 851 311 915 densis
326 852 454 915 arbustis
469 853 651 934 intersepta:
682 851 732 914 hio
752 851 916 935 aquilarum
933 851 1148 932 signorumque

141 939 236 1002 ordo:
261 939 371 1001 milites
386 939 470 1002 mixti
487 961 542 1023 per
556 939 704 1014 tenebras,
717 952 750 1001 ut
765 937 824 1000 sors
839 938 965 1002 tulerat:
991 934 1148 998 Praetoria·

141 1045 216 1090 num
232 1025 377 1089 vexillum
396 1027 566 1109 proximum
579 1025 732 1102 tertianis3
755 1025 894 1088 cohortes
910 1023 1100 1098 auxiliorum,
1116 1020 1147 1082 iu

49 1169 52 1174 .
141 1111 303 1192 cornibus'3
326 1111 421 1176 latera
446 1127 580 1195 asterga
606 1112 706 1196 equite
730 1111 938 1174 circumdata:
967 1109 1043 1172 Sido
1057 1123 1147 1192 atque

142 1196 277 1274 Italicus,
302 1197 406 1277 Saevi,
432 1220 503 1262 cum
519 1198 645 1262 delectis
662 1199 861 1284 popularium,
879 1196 1000 1282 primori
1024 1195 1053 1258 in
1080 1194 1147 1258 acie

143 1285 350 1348 versabantur.

188 1369 300 1434 XXII.
324 1371 369 1434 At
386 1369 565 1448 Vitellianus
589 1373 751 1450 exercitus,
777 1372 827 1435 cui
853 1372 1047 1456 acquiescere
1070 1367 1149 1433 Cre·

142 1477 241 1522 mona
263 1473 304 1534 et,
325 1459 499 1542 reciperatis
514 1460 582 1522 cibo
596 1479 765 1543 somnoque
782 1459 902 1534 viribus,
917 1456 1089 1522 consectum
1106 1455 1149 1518 al·

142 1565 216 1627 gore
231 1560 321 1630 atque
333 1543 433 1608 inediis
447 1545 576 1620 hostem,
590 1544 710 1630 posterla
722 1546 771 1608 die
783 1545 943 1630 profligare
954 1548 1149 1628 ac'proruere

142 1631 219 1694 ratio
235 1629 307 1694 suit:
335 1631 454 1714 indigns
469 1633 603 1708 rectoris,
620 1633 706 1716 inops
722 1632 848 1707 consilii,
865 1630 951 1695 tertia
966 1629 1060 1694 ferme
1077 1651 1149 1693 noc·

143 1719 181 1782 tis
196 1715 271 1780 hora
285 1719 394 1802 paratis
405 1717 470 1805 jam
486 1718 695 1804 dispositisque
708 1717 861 1781 Flavianis
872 1717 1055 1802 impingitur.
1088 1715 1150 1781 Or·

143 1803 246 1868 dinem
273 1805 410 1887 agminis,
433 1805 547 1890 disjecti
575 1827 629 1888 per
654 1807 727 1868 iram
744 1826 781 1868 ao
801 1805 950 1884 tenebras,
977 1823 1148 1870 asseverare

142 1911 203 1958 non
219 1892 335 1954 ausim:
361 1910 531 1978 quanquam
547 1893 596 1956 alii
618 1892 803 1970 tradiderint,
828 1899 982 1978 ‘quartam
1004 1890 1150 1955 Macedo-

141 1978 242 2042 nicam
270 1978 380 2042 dextro
404 2000 526 2044 suorum
549 2001 662 2044 cornu:
694 1980 840 2064 quintam,
870 1993 901 2042 et
931 1979 1150 2064 quintamdeci-

142 2085 236 2143 mam,
252 2085 322 2128 cum
339 2065 456 2130 vexillis
471 2088 556 2130 nonae
571 2067 774 2153 secundaque
789 2082 819 2130 et
831 2066 980 2130 vicesima
996 2065 1149 2130 Britanni-

141 2172 246 2214 carum
262 2151 425 2236 legionum,
446 2153 577 2217 mediam
594 2155 713 2230 aciem;
736 2153 998 2217 sextadecimanos
1014 2153 1150 2218 duoetvi-

142 2237 374 2323 cesimanosque
392 2253 423 2302 et
445 2239 597 2324 primanos
612 2241 720 2306 laevum
736 2241 829 2304 cornu
844 2240 1038 2324 complesse)
1084 2241 1150 2305 Ra·

143 2345 234 2410 paces
244 2339 338 2409 atque
347 2324 441 2391 Italici
453 2326 592 2390 omnibus
603 2347 638 2391 se
651 2327 809 2412 manipulis
821 2327 1014 2391 miscuerant.
1042 2325 1149 2413 Eques

142 2411 316 2497 attailiaque
331 2411 386 2476 sibi
402 2412 458 2497 ipsi
473 2413 573 2478 locum
589 2413 703 2497 legere.
750 2412 890 2479 Pralium
911 2413 977 2478 total
990 2430 1079 2478 nocte
1096 2435 1149 2480 va·

142 2499 231 2574 rium,
247 2519 368 2585 anceps,
381 2511 467 2564 atrox
476 2522 486 2580 ;
509 2501 566 2577 his,
582 2521 682 2564 rursus
697 2501 764 2578 illis,
780 2501 946 2564 exitiabile.
985 2499 1069 2566 Nihil
1086 2504 1150 2566 ani·

142 2606 222 2662 mus,
238 2599 290 2648 aut
305 2606 423 2663 manus,
433 2608 472 2650 ne
484 2587 563 2650 oculi
580 2589 701 2675 quidem
718 2589 838 2673 provisu
850 2587 1015 2674 juvabant:
1040 2589 1148 2655 eadem

142 2671 271 2755 utrique
288 2673 353 2736 acie
368 2694 473 2737 armat
495 2675 608 2738 crebris
623 2675 900 2757 interrogationibus
915 2690 1019 2738 notum
1042 2697 1149 2762 pugna

142 2759 281 2840 signum:
304 2760 453 2842 permixta
469 2761 633 2838 vexillam
648 2761 774 2847 quisque
790 2761 908 2842 globus,
919 2778 1007 2846 capta
1022 2783 1063 2826 ex
1080 2764 1150 2828 hos-

143 2845 234 2924 tibus,
257 2845 317 2909 buc
334 2846 381 2909 rel
398 2847 468 2911 illuc
484 2848 630 2932 raptabat.
676 2845 851 2930 Urgebatur
865 2849 998 2912 maxime
1021 2851 1149 2933 septima

142 2933 235 3015 legio,
251 2953 347 3017 nuper
362 2954 378 2996 a
391 2931 492 2997 Galba
505 2935 684 3018 conscripta.
725 2932 834 2998 Occisi
849 2955 905 2998 sex
922 2935 1084 3018 primorum
1100 2959 1150 3002 or·

142 3019 246 3082 dinum
257 3019 478 3084 Centuriones:
503 3021 625 3105 abrepta
636 3021 773 3106 quedam
786 3021 889 3102 signat
912 3021 1006 3104 ipsam
1019 3024 1148 3107 aquilam

143 3106 253 3171 Atilius
263 3104 374 3184 Verus,
387 3107 525 3192 primipili
537 3106 696 3185 Centurio,
706 3105 801 3173 multia
811 3127 881 3173 cum
894 3106 1024 3175 hostium
1037 3124 1148 3199 strage,

141 3207 175 3258 et
189 3193 227 3256 ad
245 3210 415 3257 extremum
428 3194 568 3272 moriens,
584 3207 768 3258 servaverat.

187 3277 312 3343 XXlll.
338 3280 485 3345 Sustinuit
495 3281 647 3345 labantem
664 3282 760 3345 aciem
775 3281 936 3359 Antonius,
948 3283 1051 3348 accitis
1066 3283 1149 3352 Pra-

143 3367 284 3444 tcrianis;
308 3369 369 3454 qui,
385 3368 436 3432 ubi
452 3367 605 3454 excepere
621 3390 763 3454 pugnarn,
791 3368 906 3454 pellunt
922 3369 1050 3450 bostem,
1077 3373 1168 3458 dein,

144 3453 302 3540 pelluntur.
348 3453 492 3541 Namque
511 3455 666 3520 Vitelliani
694 3470 841 3521 tonnenta
865 3456 894 3520 in
925 3477 1067 3542 aggerem
1095 3461 1149 3530 viaa

140 3541 343 3618 contulerant,
369 3557 402 3607 ut
423 3543 484 3606 tela
499 3565 596 3607 vacuo
611 3557 702 3628 atque
717 3558 821 3628 aperto
841 3558 1066 3622 excuterentur,
1089 3547 1150 3611 dis·

143 3649 232 3714 persa
247 3627 345 3712 primb
360 3643 392 3692 et
407 3630 545 3706 arbustis,
561 3631 625 3693 sine
647 3630 775 3694 bostium
791 3629 883 3707 noxa,
899 3631 984 3695 illisa.
1030 3630 1151 3716 Magni·

142 3715 250 3781 tudine
275 3715 389 3781 eximia
413 3717 649 3806 quintadecima
679 3716 805 3801 legionis
834 3717 953 3799 balista,
978 3719 1150 3802 ingentibus
