2508 4254
108 193 172 256 128
445 189 486 256 C.
511 189 619 256 Conn.
643 187 767 254 Tactrr
899 189 954 276 [Α.
971 189 1014 255 U.
1030 193 1110 258 822.

98 358 172 442 Agit
187 369 287 440 grates
304 356 456 434 Vitellius,
484 370 515 420 et
539 356 596 419 ‘ad
613 357 756 418 tuendam
773 356 879 419 urbem
900 361 1107 442 prorum'pere’

93 444 194 530 jubet.
240 443 328 520 Mox,
347 459 454 506 vocato
470 443 597 518 Senatu,
614 443 787 524 deliguntur
810 443 899 526 legati
927 445 964 506 ad
988 447 1108 509 exerci-

98 546 157 609 tus,
174 545 206 594 ut
224 545 370 612 pretexto
388 529 577 612 Reipublicae
592 531 784 592 concordiam
808 551 977 614 pacemque
997 533 1108 595 suade-

98 632 176 681 rent.
223 615 316 680 Varia
341 618 507 699 legatorum
524 637 588 678 sors
604 615 670 678 suit.
717 615 781 689 Qui
798 615 909 679 Petilio
925 617 1037 681 Ceriali
1054 641 1106 682 oc-

98 717 262 781 currerant,
286 718 457 768 extremum
474 703 633 765 discrimen
661 702 774 778 adidre,
802 718 983 786 aspernante
1011 706 1106 770 milite

97 791 285 854 conditiones
310 792 410 874 pacis:
437 790 609 852 vulneratur
624 787 748 864 Praetor,
765 789 921 854 Arulenus
937 790 1107 855 Rusticus:

97 878 183 942 auxit
205 877 359 954 invidiam,
384 897 476 961 super
492 876 634 939 violatum
657 877 745 958 legati
764 875 965 962 Pretorisqne
981 899 1105 955 nomen,

101 964 220 1049 propria
243 964 376 1046 dignatio
392 964 466 1026 viri:
491 963 630 1046 palantur
653 963 801 1026 comites:
832 963 979 1026 occiditur
1004 966 1106 1048 proxi-

100 1072 167 1114 mus
189 1051 284 1128 lictor,
307 1051 461 1114 dimovere
488 1049 606 1112 turbam
633 1070 743 1111 ausus:
772 1064 812 1125 et,
836 1049 866 1112 ni
890 1050 962 1113 dato
980 1071 997 1112 a
1013 1051 1104 1116 Duce

99 1137 236 1220 praesidio
252 1135 367 1199 defensi
385 1136 492 1213 lorent,
508 1157 626 1198 sacrum
643 1136 732 1198 etiam
748 1136 777 1198 in
802 1150 923 1200 exteras
938 1153 1044 1219 gentes
1060 1140 1106 1202 le-

98 1237 236 1305 gatorum
249 1221 311 1308 jus,
323 1237 393 1286 ante
409 1223 474 1308 ipsa
491 1223 593 1306 patriae
605 1223 727 1298 moenia,
739 1223 833 1284 civilis
849 1223 946 1286 rabies
962 1245 1057 1309 usque
1073 1226 1104 1288 in

99 1311 225 1374 exitium
242 1308 430 1372 temerasset.
477 1309 671 1394 AEquioribus
687 1309 793 1371 animis
813 1311 928 1394 accepti
951 1327 1029 1387 sunt,
1054 1312 1105 1398 qui

100 1397 137 1461 ad
155 1397 322 1460 Antonium
339 1411 494 1472 venerant,
507 1417 565 1458 nou
580 1395 646 1480 quia
664 1396 830 1458 modestior
841 1397 938 1474 miles,
951 1397 1005 1460 sed
1021 1397 1103 1462 Duci

101 1484 169 1570 plus
185 1484 379 1548 auctoritatis.

143 1570 302 1634 LXXXI.
326 1571 491 1636 Miscuerat
507 1591 540 1633 se
555 1569 662 1652 legatis
680 1567 837 1632 Musonius
854 1567 964 1648 Rufus,
982 1569 1103 1657 Eques·

98 1658 149 1722 tris
164 1659 285 1735 ordinis,
301 1659 431 1722 studium
447 1657 643 1742 philosophie
655 1671 686 1718 et
699 1657 808 1740 placita
824 1656 993 1720 Stoicorum
1010 1681 1104 1722 aemu-

98 1745 196 1808 latus:
218 1746 445 1829 occumbatque,
468 1745 635 1828 permixtus
658 1744 828 1826 manipulis,
853 1743 952 1806 ‘bona
969 1745 1050 1827 pacis
1066 1767 1103 1809 ac

98 1831 170 1896 belli
186 1831 367 1894 discrimina'
384 1833 544 1908 disserens,
568 1846 698 1893 armatos
714 1851 848 1894 monere.
894 1829 929 1892 ld
953 1832 1104 1916 plerisque

98 1918 236 1994 ludibrio,
254 1917 387 2000 pluribus
403 1919 512 1980 tedio:
534 1938 591 1980 nec
603 1917 738 1993 deerant,
751 1919 800 2002 qui
815 1918 1017 2001 propellerent
1033 1939 1103 2002 pro-

97 2005 323 2088 culcarentque,
346 2005 386 2078 ni,
410 2004 564 2067 admonitu
581 2004 792 2066 modestissimi
806 2003 963 2089 cujusque,
984 2019 1015 2067 et
1038 2005 1102 2068 aliis

98 2091 313 2168 minitantibus,
328 2090 478 2154 omisisset
493 2089 736 2173 intempestivam
760 2091 948 2173 sapientiam.
994 2090 1102 2156 Obvia

100 2174 183 2244 lutire
210 2191 240 2240 et
265 2177 392 2258 virgines
407 2175 548 2240 Vestales
563 2197 633 2239 cum
650 2177 785 2260 epistolis
803 2175 926 2254 Vitellii,
950 2177 986 2239 ad
1005 2177 1103 2241 Anto·
1148 2215 1150 2219 ·

99 2265 182 2328 nium
194 2264 337 2347 scriptis:
359 2265 470 2327 ‘eximi
486 2284 630 2346 supremo
644 2264 799 2326 certamini
815 2285 911 2326 unum
925 2263 1016 2326 diem’
1034 2285 1103 2347 pos·

99 2351 232 2414 tulabat:
256 2351 301 2414 ‘si
319 2371 433 2413 moram
456 2349 685 2436 interjecissent‚
709 2349 824 2413 sacilids
847 2350 946 2412 omnia
969 2371 1103 2414 eonven-

98 2437 186 2502 tura!
234 2435 374 2519 Virgines
388 2459 458 2500 cum
473 2438 585 2500 bonore
602 2437 729 2500 dimissae
741 2458 752 2498 :1
773 2434 899 2499 Vitellio
911 2437 1102 2522 rescriptum,

99 2529 108 2562 ‘
120 2523 222 2588 Sabini
235 2523 318 2586 caede
330 2539 360 2587 et
373 2524 513 2587 incendio
527 2523 658 2607 capitolii
671 2524 797 2586 diremta
813 2523 883 2586 belli
896 2523 1101 2586 commercia.’

102 2659 106 2666 .
143 2608 318 2674 LXXXll.
341 2610 487 2674 Tentarit
502 2625 603 2672 tamen
620 2610 773 2674 Antonius
789 2623 911 2673 vocatas
927 2610 963 2672 ad
980 2611 1102 2674 concio-

99 2721 169 2764 nem
186 2698 319 2782 legiones
336 2699 482 2778 mitigare,
506 2703 568 2773 ‘ut,
591 2697 694 2760 castris
705 2695 793 2781 juxta
810 2711 933 2780 pontem
949 2695 1101 2760 Mulvium

98 2787 212 2872 positis,
239 2784 361 2864 posteri
386 2785 436 2846 die
461 2784 567 2846 urbem
597 2783 848 2866 ingrederentur.'
894 2781 986 2846 Ratio
1009 2805 1103 2847 cunc·

98 2874 193 2950 tandi,
214 2893 253 2935 ne
269 2885 424 2956 asperatus
442 2870 543 2954 prelio
559 2870 656 2948 miles,
670 2891 730 2932 non
747 2869 871 2954 populo,
888 2891 947 2932 non
965 2869 1102 2946 Senatui,

98 2985 137 3028 ne
159 2961 281 3045 ternplis
297 2959 419 3045 quidem
447 2979 482 3020 ao
503 2957 634 3020 delubris
657 2956 792 3020 Deorum
809 2955 989 3020 consuleret.
1036 2957 1102 3020 Sed

99 3071 221 3114 omnem
244 3047 450 3131 prolationem,
478 3058 509 3108 ut
533 3044 681 3107 inimicam
707 3044 848 3119 victorie,
875 3044 1101 3126 suspectabant.

99 3135 196 3201 Simul
210 3133 352 3216 fulgentia
369 3153 423 3217 per
437 3131 531 3194 colles
548 3131 669 3208 vexilla,
680 3151 851 3214 quanquam
864 3130 994 3192 imbellis
1007 3151 1104 3216 popu·

98 3224 145 3288 lus
161 3233 346 3304 sequeretur,
373 3219 507 3302 speciem
534 3217 646 3282 hostilis
670 3215 820 3281 exercitiis
844 3217 987 3280 fecerant.
1033 3215 1104 3280 Tra

102 3309 208 3395 partito
222 3306 353 3386 agmine,
378 3325 455 3388 pars,
480 3319 511 3367 ut
528 3305 670 3381 astiterat,
695 3301 847 3366 Flaminiis
860 3301 919 3380 via,
937 3325 1003 3388 pars
1015 3302 1104 3389 juxta

100 3399 197 3480 ripam
212 3391 334 3456 Tiberis
357 3392 500 3468 incessit;
523 3392 641 3455 tertium
666 3411 773 3472 agmen
791 3412 845 3475 per
867 3389 1013 3454 Salariam
1029 3389 1105 3453 Col·

100 3485 167 3548 linae
195 3493 286 3563 portae
310 3478 540 3562 propinquabat.
586 3477 679 3541 Plebs
702 3478 829 3540 invectis
852 3477 1002 3562 equitibus
1018 3476 1102 3540 susa:

100 3570 187 3635 miles
202 3565 380 3630 Vitellianus
395 3566 477 3628 trinis
504 3581 534 3629 et
557 3565 621 3648 ipse
646 3565 786 3649 presidiis
809 3565 950 3627 occurrit.
996 3563 1104 3627 Praelia

101 3671 170 3722 ante
186 3655 292 3718 urbem
309 3653 401 3716 multa
417 3667 448 3716 et
465 3652 565 3714 varia:
589 3652 642 3715 sed
659 3651 824 3728 Flavianis
840 3651 965 3714 consilio
978 3650 1103 3714 Ducum

99 3740 318 3832 prestantibus,
333 3739 441 3825 sepibs
464 3759 619 3823 pmspera.
665 3737 822 3804 litandam
837 3737 1001 3805 conflictati
1020 3751 1102 3818 sunt,
