2508 4254
397 651 437 709 C.
466 649 700 710 CORNELII
726 649 895 710 TACITI

359 853 933 930 HISTORIARUM

417 1075 584 1132 LIBER
613 1076 868 1132 TERTIUS.

551 1271 738 1282 *-

480 1431 688 1474 Bnnvlsnruu
711 1431 813 1473 niem.

146 1597 207 1659 Cap.
221 1599 242 1644 1.
260 1593 384 1642 Flavianis
401 1593 432 1640 de
453 1592 545 1640 ratione
557 1591 617 1638 belli
633 1591 828 1640 deliberantibus
839 1606 931 1640 moram
944 1591 994 1648 alii,
1010 1593 1033 1639 2.
1046 1592 1144 1642 lestine-

178 1661 270 1708 tionem
295 1657 414 1705 Antonius
436 1655 535 1704 Primus
554 1655 650 1710 suadet,
666 1657 690 1702 3.
711 1662 737 1703 et
757 1655 859 1702 obtinet.
893 1659 915 1702 1.
934 1654 1051 1703 Proxima
1073 1657 1146 1704 Corn.

178 1723 253 1772 Fusci
265 1721 403 1770 auctoritas.
436 1721 459 1766 11.
478 1719 606 1779 Principes
618 1717 785 1766 Sarmatarum
796 1717 922 1780 Jaaygurn
934 1719 959 1765 in
973 1721 1144 1768 commilitium

178 1787 254 1834 asciti.
289 1785 346 1832 Sido
362 1791 387 1832 et
399 1783 501 1830 italicus
518 1783 657 1828 Suevorum
670 1780 755 1844 Reges
766 1782 837 1828 tracti
848 1782 873 1828 in
885 1787 975 1844 partes.
1008 1783 1033 1838 6,
1049 1785 1072 1829 1.
1092 1784 1145 1832 Α11-

178 1851 253 1906 tenio,
271 1847 366 1896 Italiam
378 1846 512 1901 invadenti,
524 1859 608 1891 comes
624 1850 662 1892 est
676 1845 765 1892 Arrlus
777 1843 867 1891 Varus.
901 1843 997 1891 Multas
1011 1846 1089 1922 urbes
1104 1861 1145 1894 oc·

177 1906 1146 2035 titiani.itllzllii't‘ittfrlttbiiiirtbtdstiill

177 2043 276 2101 gerunt.
312 2037 348 2082 10.
366 2035 396 2082 T.
408 2035 513 2095 Ampius
524 2033 667 2091 Flavianus,
688 2034 758 2082 mlliti
773 2040 913 2096 suspectus,
930 2036 960 2081 ab
976 2036 1083 2083 Antonio
1093 2051 1145 2084 ser·

180 2105 262 2148 vatur.
296 2102 334 2146 11.
353 2097 404 2145 liic
426 2098 528 2145 alteram
548 2112 647 2158 quoque
671 2097 825 2154 seditionem,
843 2099 898 2145 odio
914 2099 1003 2159 Aponii
1020 2098 1147 2147 Saturnini

176 2169 264 2219 ortam,
275 2162 421 2224 comprimit
456 2162 494 2208 12.
512 2159 625 2208 Lucilios
638 2161 736 2216 Bassus,
751 2168 776 2208 et
793 2162 830 2218 13,
845 2163 881 2208 11.
899 2161 1008 2217 Caecina,
1020 2176 1034 2208 e
1045 2162 1147 2210 Vitellio

177 2225 332 2282 deficientes,
349 2240 363 2272 a
380 2225 498 2273 militibus
514 2224 566 2271 suis
585 2224 752 2286 conjiciuntur
770 2225 796 2271 in
814 2224 922 2272 vincula.
958 2226 995 2271 lo.
1014 2224 1147 2274 Discordes

178 2289 324 2338 Vitellianos
336 2289 365 2337 ad
377 2289 525 2337 Bedriacum
537 2289 639 2350 aggredi
650 2288 735 2335 statuit
746 2288 876 2334 Antonius.
911 2289 949 2334 16.
966 2288 1090 2336 Aviditate
1102 2303 1146 2336 na·

176 2355 263 2401 sande
274 2367 355 2414 operae
367 2353 455 2400 Arrius
467 2351 550 2398 Verus
562 2366 614 2398 rem
624 2352 649 2397 in
661 2351 793 2398 discrimen
805 2351 919 2409 adducit3
945 2353 982 2397 17.
1000 2365 1054 2398 eam
1068 2351 1146 2400 Anto-

177 2417 234 2464 nius
245 2415 380 2464 constantii
397 2421 422 2462 et
439 2415 530 2462 virtute
543 2415 657 2474 restituit,
676 2415 713 2461 ld.
725 2413 827 2462 victorii
839 2414 938 2475 potitur.
973 2415 1010 2460 19.
1029 2414 1146 2476 Vespasi-

178 2481 226 2542 ani,
243 2480 273 2528 ed
285 2478 350 2536 freti,
362 2479 510 2526 Cremonam
522 2490 668 2540 expugnare
686 2477 830 2540 deposcunt.
863 2478 902 2523 20.
921 2475 1092 2525 inconsultum
1104 2493 1147 2526 eo·

177 2558 233 2592 111111
256 2543 367 2590 ardorem
387 2539 478 2588 frustrd
498 2539 588 2588 retinet
605 2540 735 2588 Antonius.
768 2541 808 2587 21.
825 2539 874 2587 Sed
897 2541 1051 2587 adventantis
1070 2540 1148 2589 hostis

178 2613 257 2655 terror
277 2607 416 2652 obstructas
438 2609 534 2651 mentes
556 2605 663 2650 consiliis
683 2603 763 2651 Ducis
781 2604 867 2665 aperit.
907 2603 1009 2649 22-25.
1028 2603 1148 2652 Praeiiurn

177 2676 255 2726 atrox,
263 2683 362 2729 anceps.
390 2667 511 2716 Antonius
522 2667 618 2730 egregii
632 2667 710 2714 Ducis
719 2667 803 2714 munla
814 2665 910 2727 implet,
920 2666 1045 2714 victoriam
1055 2666 1147 2715 aufert.

176 2734 278 2782 26-33.
296 2731 419 2779 Cremona
428 2731 536 2787 obsessa,
556 2735 766 2791 capta,cramata,
788 2731 828 2776 31.
845 2735 929 2792 postea
951 2729 1072 2777 restituta.
1105 2732 1147 2779 38.

176 2797 256 2845 Viciae
269 2795 379 2858 legiones
390 2795 513 2856 disperse.

144 2863 184 2912 ³6.
202 2859 318 2908 Vitellius
330 2858 392 2905 luxu
405 2863 492 2919 torpet.
525 2858 565 2904 37.
578 2856 607 2904 ln
619 2856 708 2903 urbem
719 2855 969 2904 revectusCaeciuam
981 2856 1146 2916 condemnat3

176 2924 200 2972 ei
213 2922 313 2970 Rosiurn
327 2921 453 2983 Regulum
467 2921 490 2967 in
500 2934 579 2968 unum
588 2921 654 2966 diem
666 2919 800 2967 Consulem
812 2918 911 2966 sufficit.
944 2919 984 2974 38,
996 2921 1035 2966 39.
1051 2919 1147 2968 Juntus

176 2987 271 3035 Blaesus
283 2986 367 3033 fraude
380 2984 410 3032 L.
419 2983 513 3031 Vitellii
525 2997 623 3031 veneno
633 2981 733 3031 tollitur.
766 2984 856 3037 11111.
874 2981 894 3028 F
897 2982 966 3029 eblus
979 2981 1073 3030 Valens
1089 2985 1145 3031 libi·

175 3051 232 3098 dina
244 3057 270 3098 et
278 3049 434 3097 cunctatione
445 3047 635 3096 Vitellianorum
647 3061 687 3094 res
698 3046 795 3094 subruit
806 3051 840 3102 et,
857 3046 895 3091 12.
909 3045 1034 3120 Flauianis
1047 3047 1146 3094 ltaliam

174 3108 1147 3235 1111111111,1113311111111111111..1111111111

175 3240 326 3288 Britanniam
341 3239 474 3285 Venutius.
508 3237 545 3283 lbi
564 3235 632 3282 sarid
644 3244 708 3284 sorte
720 3244 866 3298 pugnaturn.
899 3236 938 3281 16.
955 3234 1066 3284 Turbata
1082 3251 1146 3299 quo·

175 3319 225 3368 que
237 3301 378 3350 Germania.
411 3300 482 3347 Mota
498 3305 523 3347 et
535 3299 660 3345 Dacorum
679 3313 749 3362 gens,
769 3314 782 3346 a
796 3299 915 3345 Muciano
931 3313 963 3346 ex
982 3297 1084 3347 Oriente
1102 3315 1146 3349 re·

174 3369 249 3423 duce,
265 3378 384 3426 repressa.
417 3363 507 3419 17,18.
525 3363 646 3408 Anicetus
666 3361 806 3410 Polemonis
818 3363 930 3418 libertus,
948 3362 1054 3410 Pontum
1067 3363 1145 3412 inies·

174 3438 239 3486 tans,
250 3429 354 3488 capitur.
389 3425 555 3488 Vespasianus
572 3425 749 3473 Alexandriam
767 3427 857 3488 pergit,
877 3431 904 3472 ut
923 3426 1011 3472 urbem
1023 3425 1088 3473 larue
1101 3441 1146 3474 ur·

176 3499 242 3558 pest.
274 3493 314 3538 19.
333 3490 464 3545 Antonius,
482 3494 536 3550 post
547 3489 694 3536 Cremonam
705 3489 841 3551 superbier,
858 3489 897 3534 60.
911 3498 1005 3549 partem
1016 3489 1147 3550 copiarum

175 3557 282 3606 Veronae
295 3553 422 3614 relinquit,
438 3553 568 3614 partemin
582 3552 727 3599 Vitellianos
738 3553 846 3614 expedit.
880 3554 919 3597 51.
938 3551 1069 3598 Nefarium
1083 3551 1146 3600 iaci·

175 3635 223 3670 nus
235 3618 326 3672 militis,
342 3618 373 3663 ob
384 3617 493 3664 occisum
505 3629 518 3664 a
530 3630 556 3662 se
569 3614 668 3663 fratrem
681 3616 810 3676 praemium
822 3615 936 3678 petentis.
970 3616 1009 3660 52.
1027 3615 1143 3663 Festino·

174 3687 265 3734 tionem
278 3681 377 3727 Antonii
389 3681 453 3740 apud
467 3679 646 3741 Vespasianum
663 3679 807 3726 criminatur
820 3678 963 3725 Mucianus.
997 3679 1036 3724 113.
1055 3679 1080 3725 ls
1087 3678 1145 3742 jac·

174 3742 350 3805 tantidsquism
371 3743 399 3790 ad
419 3743 557 3804 Principem
578 3743 661 3790 literas
677 3742 808 3805 componit,
830 3741 978 3789 Mucianum
995 3741 1145 3790 insectatus.

175 3810 236 3858 lnde
248 3819 338 3871 graves
348 3805 449 3854 Ducum
460 3805 605 3854 simultates.
