2514 4318
160 205 225 270 eut
486 203 526 270 C.
550 204 659 270 Corn.
682 199 833 272 Thoantis
864 227 908 288 ..ῃ
960 200 1018 242 '³‘

202 367 330 432 XXIX.
353 367 498 433 Omnium
522 371 628 434 harum
651 371 909 460 gentiunqvirtute
928 365 1075 455 prffipui
1100 371 1164 439 Ba·
1221 415 1222 438 i

159 458 231 534 uvi,
246 477 306 518 nun
317 456 441 519 multum
457 477 497 519 ex
510 455 586 540 ripi,
601 456 655 518 sed
670 453 796 520 iusuldul
807 449 917 520 Rheni
927 461 1032 534 amois,
1045 461 1163 540 colunt,

160 542 319 607 Cattoruru
339 543 491 626 quondam
515 543 643 627 populus
665 558 695 606 et
714 543 864 606 ‘seditione
878 544 1047 608 domestici
1061 547 1093 610 in
1109 569 1163 612 eas

160 631 249 692 sedes
265 644 476 709 transgressus,
492 629 521 692 in
537 630 645 712 quihus
668 650 737 712 pars
755 627 887 692 Romani
901 630 1024 713 lmperii
1041 633 1162 696 fierent.

159 715 267 780 Manet
282 716 376 777 honos
392 729 423 777 ct
439 716 565 799 antique
580 716 731 778 societatis
747 715 883 798 insigne:
907 738 976 780 narn
993 739 1052 780 nee
1067 720 1162 782 trihu-

158 803 195 866 tis
209 816 452 878 contemnuntur,
468 823 525 864 nec
542 801 717 885 publicanus
735 803 855 866 atterit:
879 805 995 886 exemti
1016 806 1164 868 oneribus

158 902 189 951 et
218 887 436 964 collationibus,
467 903 498 950 et
524 886 638 950 tantirm
668 888 698 950 in
720 909 809 950 usum
831 890 998 972 preliatum
1023 892 1161 974 sepositi,

158 973 240 1036 velut
255 974 316 1036 tela
331 989 421 1057 atque
443 995 536 1050 arma,
559 974 644 1036 hellis
667 989 869 1036 reservantur.
915 974 973 1038 Est
994 978 1022 1037 in
1048 977 1161 1040 eodem

157 1061 303 1144 obsequio
318 1075 349 1124 et
367 1059 578 1122 Mattiacorum
602 1081 688 1140 gens.
732 1058 863 1123 Protulit
878 1062 959 1123 enim
981 1063 1161 1142 magnitudo

156 1145 265 1229 Populi
282 1145 415 1210 Romani
440 1146 516 1208 ultra
538 1145 696 1221 Rhenum,
711 1145 847 1229 ultraque
864 1161 980 1210 veteres
1003 1149 1161 1226 terminos,
1221 1171 1222 1224 i

157 1232 281 1315 Imperii
311 1233 521 1295 reverentiam.
567 1231 613 1294 lta
635 1232 708 1295 sede
738 1232 907 1317 finibusque
935 1234 964 1296 iu
996 1233 1052 1295 suti
1082 1235 1161 1318 n'pai,
1221 1275 1222 1312 ,

156 1335 259 1384 urente
276 1320 436 1404 animoque
459 1319 625 1393 nobiscnm,
642 1331 746 1400 agunt,
768 1335 870 1381 cetera
892 1319 1005 1382 similes
1021 1319 1159 1398 Batavis,
1221 1317 1222 1400 ]

155 1405 211 1468 nisi
227 1405 307 1490 qubd
324 1407 388 1489 ipso
404 1405 502 1466 adhuc
517 1423 601 1468 terrae
617 1425 677 1467 sue
692 1403 758 1466 solo
772 1419 804 1466 et
818 1405 899 1467 eoelo
914 1406 1011 1468 auritis
1023 1406 1161 1470 animan·
1221 1401 1222 1410 ¹

155 1505 214 1555 tur.
260 1492 331 1554 Nou
357 1491 576 1553 numeraverim
604 1491 680 1552 iuter
702 1488 874 1552 Germaniae
897 1492 1036 1574 populus,
1064 1514 1160 1576 quau·

178 1599 246 1640 uam
269 1592 350 1640 trans
373 1577 519 1640 Rhenum
541 1576 777 1658 Danubiumque
799 1577 1001 1652 consederint,
1017 1599 1082 1652 eos,
1108 1580 1158 1662 qni
1221 1577 1222 1652 l

156 1599 344 1726 ilecur'ri’ates
366 1684 453 1742 agros
478 1675 635 1724 exercent.
681 1659 866 1722 Levissimus
897 1663 1024 1745 quisque
1049 1663 1157 1727 Gallo·

155 1771 234 1825 rum,
249 1763 281 1812 ct
291 1748 394 1832 inopiis
408 1749 519 1822 audax,
529 1747 625 1810 dubie
635 1747 944 1828 'possessionis'so'lum
954 1769 1029 1810 occu
1035 1750 1157 1830 pavere.
1221 1753 1222 1756 ’

154 1833 233 1898 Mox
255 1835 348 1898 limite
371 1849 449 1909 aeto,
474 1833 677 1918 promotisque
699 1832 853 1916 presidiis,
874 1834 956 1897 sinus
978 1834 1105 1918 Imperii
1128 1851 1158 1900 et

155 1941 224 2006 pars
240 1920 400 2002 provinciae
414 1920 573 1982 habentur.

202 2005 315 2070 XXX.
340 2004 427 2069 Ultra
451 2007 506 2068 hos
522 2005 606 2068 Cetti
623 2005 738 2068 initium
754 2004 834 2068 sedis
849 2005 887 2068 ab
904 2004 1065 2090 Hercynio
1079 2009 1156 2072 saltu

156 2093 308 2169 inchoant,
324 2113 383 2154 nou
400 2093 439 2155 ita
455 2092 557 2154 effusis
572 2112 608 2154 oc
623 2091 802 2175 palustribus
818 2092 892 2154 locis
908 2107 941 2154 ut
955 2109 1064 2156 ceterae
1083 2095 1158 2158 civi·

154 2193 243 2255 tutes,
259 2181 287 2241 iu
304 2199 377 2263 ques
401 2177 565 2241 Germania
581 2177 729 2262 patescit:
752 2179 859 2241 durant
881 2179 1030 2262 siquidem
1051 2180 1158 2257 colles,
1221 2219 1222 2262 ,

155 2267 361 2352 paulatimque
384 2279 558 2329 rarescunt:
582 2279 614 2326 et
635 2263 744 2327 Cattos
767 2285 836 2326 suos
861 2266 955 2328 saltus
982 2264 1159 2349 Hercynius

155 2353 344 2436 prosequitur
358 2351 446 2414 simul
467 2367 558 2435 atque
581 2351 716 2433 deponit.
762 2349 893 2414 Durium
916 2352 998 2432 genti
1014 2373 1154 2434 corpora,

154 2439 245 2503 stricti
261 2453 352 2514 artus,
368 2438 471 2500 minax
489 2438 588 2500 vultus
604 2451 635 2499 et
655 2435 750 2520 major
772 2437 862 2498 animi
878 2437 974 2520 vigor.
1020 2436 1157 2502 Multum

156 2524 206 2609 (ut
220 2526 297 2586 inter
312 2523 498 2606 Germanos)
516 2523 636 2585 rationis
659 2543 694 2584 ac
710 2522 856 2585 solertim:
882 2543 1057 2607 preponere
1073 2523 1157 2587 elec·

153 2625 211 2684 tos,
228 2610 331 2672 audire
347 2611 527 2692 prepositos,
544 2609 632 2672 nosse
647 2608 777 2684 ordines,
789 2609 955 2692 intelligere
968 2610 1155 2687 occasiones,

154 2696 273 2760 differre
290 2697 430 2778 impetus,
446 2696 605 2778 disponere
621 2695 712 2770 diem,
728 2695 839 2756 vallare
855 2710 987 2770 noctem,
1004 2697 1155 2758 fortunam

153 2785 231 2848 iuter
246 2782 348 2858 dubia,
364 2783 504 2846 virtutem
520 2783 598 2844 inter
612 2795 693 2844 certa
708 2801 884 2843 numerare:
909 2782 1051 2865 qnodque
1068 2783 1156 2845 raris·

152 2871 273 2945 simum,
286 2889 342 2931 nec
358 2869 412 2931 nisi
425 2869 538 2930 ratione
550 2867 712 2950 discipline
721 2887 912 2942 concessum,
923 2868 990 2950 plus
1006 2885 1154 2950 reponere

153 2959 182 3021 in
199 2957 301 3032 Duce,
324 2955 413 3040 qnam
434 2954 583 3017 exercitu.
628 2952 731 3016 Omne
753 2954 844 3016 robur
866 2955 895 3016 iu
918 2954 1033 3036 pedite,
1049 2975 1152 3037 quem,

153 3065 244 3128 super
259 3064 352 3118 arma,
369 3041 554 3104 ferramentis
578 3061 699 3124 qnoque
721 3053 751 3102 et
766 3040 862 3123 copiis
884 3053 1021 3102 onerent.
1067 3040 1154 3103 Alios

153 3133 190 3195 ad
210 3131 342 3212 praelinm
358 3129 400 3192 ire
417 3129 529 3202 videas,
546 3125 654 3190 Cattos
676 3125 713 3188 ad
736 3125 861 3188 bellurn.
907 3125 982 3188 Rari
1005 3144 1153 3190 excursus

153 3232 184 3282 et
199 3217 317 3279 fortuita
338 3235 448 3299 pugna.
496 3213 689 3298 Equestribus
713 3212 785 3275 sane
803 3212 908 3274 virium
931 3213 960 3274 id
986 3212 1152 3294 proprium,

152 3303 214 3368 citb
229 3324 333 3386 parare
350 3301 514 3375 victoriam,
529 3299 589 3362 citb
604 3299 726 3362 cedere.
772 3296 929 3361 Velocitas
945 3297 1035 3383 juxta
1050 3297 1152 3363 sormi·

153 3391 265 3462 dinem,
281 3389 432 3451 cunctatio
448 3387 567 3470 propior
581 3384 752 3448 constantiae
765 3397 821 3448 est.
1094 3431 1111 3472 q

197 3473 327 3540 XXXl.
353 3473 395 3536 Et
421 3475 485 3536 aliis
501 3473 721 3534 Germanorum
745 3471 862 3556 populis
885 3484 1061 3554 usurpatum
1085 3471 1152 3540 rt'trti

111 3551 115 3559 Χ
153 3579 183 3630 et
199 3561 314 3646 privata
328 3560 474 3645 cujusque
498 3557 649 3634 audentii,
673 3558 753 3642 apud
777 3557 886 3622 Cattos
912 3558 941 3620 in
966 3578 1149 3622 consensum

151 3651 252 3725 vertit,
267 3662 299 3710 ut
322 3645 451 3730 primirm
474 3646 669 3720 adoleverint,
691 3644 805 3708 crinem
825 3645 1009 3727 barbamque
1024 3645 1151 3710 submit·
1221 3641 1222 3648 '

153 3755 229 3813 tere,
255 3755 324 3811 nec,
349 3733 405 3796 nisi
420 3733 505 3796 hoste
528 3753 618 3822 caeso,
640 3751 754 3810 enuere
769 3732 902 3808 votivum
924 3731 1151 3824 obligatumque
