2514 4318
561 209 748 274 Anaroonu.
1090 205 1154 270 221

147 377 295 442 innocens
309 373 458 452 Bolanus,
474 385 506 436 at
521 372 610 436 nullis
626 371 743 436 delictis
759 370 880 449 inrisus,
895 371 1051 435 caritatem
1067 391 1155 457 para·

145 479 235 528 verat
250 463 318 526 loco
333 461 526 525 auctoritatis.
746 503 759 544 Ι
785 488 790 497 ⁴
819 483 882 500 .
913 475 927 498 ²

194 549 301 614 XVII.
327 548 401 626 Sed,
425 547 476 610 ubi
501 565 571 610 cunr
594 530 698 609 cetefo
720 544 792 608 orbe
811 512 1013 630 Vespasiarms
1035 558 1065 608 et
1083 543 1153 609 Bri·

144 637 281 700 tanniam
296 635 484 718 reciperavit,
508 633 607 714 magni
625 616 746 709 Boon,
770 631 882 714 egregii
906 632 1068 709 exercitus,
1096 633 1152 695 nri-

145 737 223 786 nuta
255 722 381 785 hostium
409 741 488 805 spes.
535 719 577 782 Et
604 734 749 782 terrorem
773 719 873 782 statim
903 719 1002 782 intulit
1025 718 1151 783 Petilius
1212 766 1214 771 .

146 801 289 884 Cerialis,
305 799 484 891 Brigdntum
507 807 672 884 civitatem,
689 825 754 890 quaa
773 806 1015 870 numerosissima
1031 807 1151 890 provin·

144 882 211 960 cta
233 897 323 960 totius
350 895 534 979 perhibetur,
559 915 728 976 aggressus.
774 891 874 956 Multa
905 893 1014 976 prelia,
1046 908 1076 958 et
1098 892 1151 956 ali·

147 981 271 1068 quaudo
286 1003 345 1044 non
361 967 533 1045 iucrudrta:
557 999 760 1062 magnamque
772 978 951 1060 Brigantum
968 972 1151 1062 partenfitut
1188 1003 1193 1018 .

145 1067 274 1132 victorii
297 1047 467 1152 amplefrus,
492 1081 544 1130 aut
567 1066 669 1146 bello)
703 1065 756 1144 Et,
782 1066 852 1130 ciana
879 1067 1005 1129 Cerialis
1028 1065 1150 1151 quidem

145 1139 267 1219 alternis
293 1155 475 1218 successoris
505 1175 607 1218 curam
632 1154 804 1239 famamque
826 1129 982 1230 obfuisset,
1013 1151 1151 1218 sustinuit

147 1262 269 1326 quoque
285 1227 396 1304 molem
412 1240 512 1304 Julius
523 1240 696 1317 Frontinus,
712 1242 756 1304 vir
770 1263 908 1326 magnus,
919 1229 1063 1326 quesntirm
1079 1241 1151 1304 line·

145 1327 208 1404 bat,
227 1328 415 1413 validamque
431 1341 462 1392 et
479 1349 647 1412 pugnacem
665 1329 798 1391 Silurum
814 1343 935 1410 gentem
953 1329 1041 1390 armis
1061 1328 1150 1390 sube-

145 1414 209 1496 git;
232 1435 322 1499 super
339 1417 477 1480 virtutem
494 1416 635 1492 hostium,
659 1415 792 1477 locorum
817 1435 938 1498 quoque
959 1414 1151 1478 difficultates

146 1501 307 1564 eluctatus.

191 1583 312 1649 XVIII.
338 1583 431 1649 Hunc
460 1585 623 1648 Britannia
653 1598 775 1662 statum,
805 1584 860 1648 has
889 1584 1036 1647 bellorum
1066 1585 1149 1648 vices

144 1671 249 1736 medii
270 1670 334 1755 jam
356 1685 458 1734 astate
484 1663 684 1752 transgressds
704 1671 847 1754 Agricola
872 1671 996 1748 invenit,
1022 1671 1092 1734 citur
1120 1686 1151 1737 et

144 1758 266 1833 milites,
284 1756 366 1819 velut
381 1756 493 1820 omissa
508 1757 713 1841 expeditione,
731 1758 768 1820 ad
785 1758 988 1834 securitatem,
1001 1772 1032 1820 et
1048 1758 1149 1822 hostes

146 1844 185 1908 ad
218 1844 420 1920 occasionem,
448 1832 647 1906 verterentur.
693 1829 882 1908 Ordovidum
919 1842 1034 1921 civitas,
1069 1845 1150 1910 haud

146 1929 243 1994 multd
258 1943 328 1993 ante
344 1930 509 1993 adventurn
531 1929 607 2016 ejus,
631 1918 720 2008 alam,
743 1931 772 1994 in
792 1931 899 1994 finibus
919 1915 986 1994 su'n‘
996 1921 1150 2016 agentem,

146 2017 240 2102 prope
257 2017 426 2080 universam
443 2003 623 2081 condiverat:
649 2039 747 2102 eoque
757 2018 841 2081 initio
856 2005 958 2100 ededta
975 2020 1148 2102 provisoia3

145 2117 186 2180 et,
204 2085 311 2188 quinus
334 2103 448 2166 bellum
464 2104 633 2168 volentibus
656 2119 730 2182 erat,
749 2105 874 2188 prob'are
892 2106 1080 2189 exemplum,
1097 2120 1149 2170 aut

145 2190 275 2252 recentis
298 2188 407 2274 Legati
430 2191 561 2254 animum
586 2179 728 2274 opperiri·
774 2189 856 2254 Tum
878 2191 1030 2274 Agricola,
1055 2213 1150 2277 quan·

145 2297 236 2361 quarn
252 2257 402 2340 transacio
417 2291 513 2355 aestas,
537 2279 630 2360 sparsi
648 2299 702 2361 per
726 2277 911 2361 provinciam
929 2278 1057 2356 numen,
1075 2267 1164 2362 prul
1193 2259 1211 2329 7

144 2379 242 2426 sumta
265 2364 343 2448 apud
369 2364 493 2428 militem
520 2365 597 2428 illius
621 2364 690 2428 anni
711 2365 807 2449 quies,
817 2353 917 2438 (tarde
945 2380 976 2428 et
1000 2367 1149 2430 contrane
1168 2377 1199 2396 ⁸·

145 2449 258 2512 bellum
281 2448 473 2544 inchoaturo)
490 2465 521 2515 et
542 2451 692 2536 plerisque
715 2451 858 2514 custodiri
879 2467 1021 2536 suspecta
1048 2453 1148 2536 potitis

144 2536 313 2615 videbatur,
330 2539 372 2601 ire
387 2539 506 2603 obviarn
523 2539 684 2602 discrimini
700 2540 820 2603 statuit:
841 2539 1062 2624 contractisque
1075 2539 1149 2623 legi-

144 2641 236 2686 onum
254 2613 373 2688 vexillis
388 2641 418 2689 et
433 2625 554 2688 modici
566 2627 749 2688 auxiliorum
774 2648 875 2702 manu,
897 2628 966 2711 quia
982 2627 1010 2689 in
1028 2631 1159 2711 aequum‘

143 2709 267 2791 degredi
290 2711 461 2772 Ordovices
485 2733 544 2772 nou
570 2713 732 2786 audebant,
759 2712 823 2795 ipse
846 2727 916 2775 ante
940 2735 1059 2794 agmen,
1084 2713 1144 2798 qud

142 2795 250 2856 ceteris
280 2817 333 2878 par
363 2795 479 2858 anImus
506 2797 592 2859 simili
621 2797 754 2880 periculo
784 2813 875 2880 esset,
903 2789 1147 2862 erexitsaciem:

143 2877 282 2962 caesdque
314 2880 407 2964 prope
436 2881 576 2946 universal
602 2897 702 2965 gente,
730 2903 790 2946 nou
815 2884 944 2964 ignarus,
976 2885 1146 2948 instandum

144 2965 240 3042 lamae,
258 2986 306 3042 ao,
330 2981 417 3050 prout
440 2969 535 3051 prima
557 2970 729 3045 cessissent,
754 2970 817 3031 sore
838 2971 996 3046 universa;
1019 2969 1146 3036 Monam

144 3053 283 3128 insulam,
295 3053 385 3138 cujus
402 3056 590 3137 possessione
607 3069 780 3118 revocatum
798 3055 958 3118 Paulinum
982 3057 1146 3120 rebellione

143 3141 233 3204 totius
256 3140 418 3203 Britanniae
441 3143 531 3226 supra
554 3143 729 3220 memoravi,
754 3143 890 3222 redigere
914 3143 942 3205 In
964 3155 1145 3226 potestatem

144 3227 245 3290 anirno
260 3227 395 3290 intendit.
442 3228 515 3304 Sed,
528 3243 561 3291 ut
577 3229 605 3292 in
623 3209 736 3291 dubiisl
736 3230 877 3305 consiliis,
894 3251 986 3292 naves
1003 3230 1145 3294 deerant:

142 3313 218 3376 ratio
243 3328 274 3376 et
297 3314 463 3378 constantia
489 3315 586 3378 Ducis
607 3317 784 3380 transvexit.
830 3315 1210 3400 Depostrtsomnibusa

142 3401 275 3477 sarcinis,
303 3401 481 3466 lectissimos
504 3402 704 3480 auxiliarium,
729 3403 836 3487 quibus
860 3404 1031 3481 notanda,
1048 3419 1146 3490 etpa-

143 3487 216 3550 trius
228 3488 322 3558 ¹nandi
338 3491 420 3564 usus,
437 3511 496 3574 quo
508 3489 593 3552 simul
619 3511 713 3574 seque
729 3505 759 3552 et
775 3511 857 3553 anna
873 3504 903 3552 et
920 3513 1013 3577 equos
1029 3509 1146 3574 regunt,

140 3573 182 3638 ita
198 3574 323 3660 repente
339 3575 471 3654 immisit,
484 3591 516 3642 ut
531 3561 729 3660 obstupefacti
746 3577 858 3654 hostes,
872 3578 922 3663 qui
938 3579 1077 3656 classem,
1094 3580 1151 3665 qui.

12 3691 13 3702 κ
71 3672 81 3683 ’
140 3681 246 3739 naves,
263 3663 313 3746 qui
335 3683 416 3726 mare
440 3664 655 3747 expectabant,
679 3663 752 3726 nihil
776 3663 902 3728 arduum
927 3681 976 3729 aut
999 3667 1145 3730 invictum

120 3775 123 3784 ¹
141 3747 323 3814 crediderint
337 3749 381 3814 sic
397 3751 435 3816 ad
455 3751 568 3816 bellum
586 3751 788 3901 vfgssemibus'
834 3750 880 3817 lta
895 3751 990 3838 petita
1006 3773 1093 3839 pace,
1110 3771 1146 3814 ac
