2556 4446
505 348 791 414 Sorrcrrurrrrou.
1086 345 1152 416 265

146 513 265 574 undem
279 531 315 572 ac
327 513 489 572 maximum
503 511 684 571 celebritatis
698 511 898 589 adjumentum
913 511 996 570 Nero
1010 513 1150 592 princeps

149 593 322 670 discipulus,
338 595 406 668 post
419 592 603 658 interfector,
615 589 728 668 ingenii
742 587 826 648 lamae
840 590 956 668 pondus
971 601 1001 647 et
1014 591 1153 667 splendo-

147 691 210 732 rem
226 672 374 731 addidere.
416 671 495 728 Tum
511 669 615 745 puduit
629 671 815 745 eloquentiae,
842 689 906 744 qua
929 669 1007 746 apud
1033 673 1150 730 animos

147 753 288 826 nouitatis
303 749 401 808 lurore
415 751 611 806 circumactos
626 767 686 806 non
709 749 797 806 modo
819 749 893 806 nihil
909 747 1039 828 pristinae
1054 749 1150 827 digni·

149 833 216 891 tatis
232 829 386 894 retinebat,
401 827 453 884 sed
468 829 551 904 cujus
563 829 651 885 etiam
666 843 714 885 ars
729 827 885 902 cultusque
899 827 929 884 in
945 828 1071 886 ludibria
1086 849 1152 888 rer·

148 918 253 974 terant.
296 908 430 966 Favebat
448 907 545 964 adhuc
570 917 738 983 temporum
753 907 839 973 ratio,
858 907 965 980 quibus
980 909 1072 964 virtus
1088 918 1152 967 erat

148 987 265 1066 pavida,
287 987 394 1044 sceleri
408 985 481 1043 nihil
501 987 648 1044 illicitum.
690 985 816 1059 Utrique
842 988 990 1044 contraria
1011 987 1153 1062 eloquen-

148 1069 199 1135 tia,
220 1085 285 1142 quae
304 1065 372 1123 huic
387 1066 505 1131 lentior,
529 1065 572 1122 illi
596 1064 755 1122 invalidior
770 1063 933 1122 videbatur.
976 1065 1060 1122 Juvit
1079 1085 1152 1144 ergo

148 1149 180 1206 iu
195 1146 250 1204 hac
261 1156 428 1220 temporum
444 1145 604 1204 acerbitate
618 1143 717 1200 verbis
739 1161 871 1218 parcere,
887 1145 1073 1220 praecipitare
1088 1166 1155 1203 sen·

150 1246 210 1294 sus,
227 1233 376 1283 momento
392 1224 514 1280 exitium
528 1223 638 1280 inferre
653 1231 703 1280 aut
717 1233 861 1286 avertere,
878 1235 916 1289 et,
936 1223 962 1279 si
976 1234 1055 1281 esset
1069 1243 1154 1300 pere·

149 1306 271 1370 undum,
285 1304 395 1380 insigni
410 1303 489 1360 dicto
504 1314 671 1359 notescere.
714 1299 772 1357 His
787 1301 921 1359 dulcibus
937 1301 1059 1361 Senecae
1074 1305 1154 1362 vitiis

150 1385 298 1460 tantisque
312 1383 437 1440 fortunae
449 1383 644 1438 varietatibus
658 1379 735 1437 victa
749 1390 795 1437 est
808 1379 988 1456 eloquentia,
1007 1378 1043 1440 et=
1051 1383 1155 1442 diserti

151 1464 298 1522 sermonis
311 1463 429 1520 invecta
443 1463 615 1520 necessitas.

190 1547 219 1602 7.
242 1543 365 1611 Mutatis
387 1553 484 1599 tamen
500 1553 602 1616 postea
617 1540 810 1616 temporibus,
826 1541 891 1596 cim
906 1540 1153 1616 vigilantissimus

150 1621 362 1698 Vespasianus,
385 1622 487 1696 priscae
503 1621 627 1684 virtutis,
650 1623 709 1692 qua
729 1637 795 1675 sese
811 1618 946 1675 Romana
969 1637 1016 1676 res
1030 1621 1060 1676 in
1076 1639 1155 1678 sum·

151 1709 231 1760 mum
247 1702 342 1758 luridis
357 1700 505 1770 fastigium
522 1698 591 1754 olim
608 1697 722 1763 extulit,
745 1697 1033 1765 observantissimus,
1058 1697 1154 1774 publi-

151 1799 216 1838 cam
231 1778 472 1852 tranquillitatem
488 1777 575 1833 simul
597 1785 628 1832 et
647 1775 814 1834 libertatem
830 1777 969 1842 restituit,
985 1777 1089 1834 studiis
1105 1777 1156 1836 ad·

150 1858 224 1915 didit
245 1857 335 1914 decus
359 1866 389 1913 et
411 1853 654 1922 emolumentum,
676 1854 776 1912 illuxit
796 1875 865 1930 spes
886 1854 1037 1913 emendari
1064 1876 1153 1933 posse

150 1938 208 1995 sori
222 1935 366 2014 ingenia..
387 1935 586 2010 conspirabat
601 1953 659 1990 uon
676 1934 765 1992 modo
780 1935 918 2012 voluntas
933 1935 1092 2010 Principis,
1104 1935 1157 2011 qui

152 2017 266 2092 optima
290 2033 414 2089 quaeque
437 2014 573 2072 laudibus
589 2025 618 2070 et
641 2015 769 2088 praemiis
793 2014 1007 2089 promovebat:
1032 2015 1158 2074 aderant

152 2094 491 2170 quoqueejusfiliorum
517 2093 663 2169 exempla,
685 2093 754 2150 dum
780 2093 930 2150 literarum
954 2096 1156 2155 monumentis

153 2174 271 2252 generis
285 2175 331 2230 sui
354 2173 549 2240 nobilitatem,
575 2183 749 2248 pactamque
774 2171 860 2230 bellis
882 2172 1008 2248 gloriam
1030 2175 1157 2249 amplifi·

153 2263 230 2311 cant.
266 2254 306 2309 At
321 2264 515 2328 praeterquam
538 2252 616 2328 quod
638 2249 847 2310 viriatasemel
869 2252 999 2328 ingenia,
1026 2253 1157 2328 plerum·

153 2351 211 2409 que
225 2342 294 2388 suut
308 2333 546 2398 inemendabilia,
562 2335 621 2406 quo
636 2332 732 2388 minis
743 2329 970 2408 emendarentur
985 2332 1099 2388 obstitit
1109 2335 1157 2410 ju·

152 2412 259 2470 senilis
273 2411 392 2468 licentia
408 2420 438 2466 et
453 2411 604 2485 popularis
619 2410 712 2466 lavor.
754 2409 848 2465 Vobis
868 2409 948 2466 euim
970 2423 1157 2484 compertum

153 2501 199 2550 est
212 2493 301 2566 quiam
317 2490 465 2556 audacter,
485 2499 554 2564 post
575 2498 753 2564 prostratam
768 2488 918 2546 sorensem
941 2488 1155 2562 eloquentiam,

153 2572 285 2646 eruperit
309 2570 451 2648 juvenum
479 2568 607 2625 licentia.
660 2566 742 2624 Niliil
772 2566 907 2633 modesti,
936 2563 1009 2624 nihil
1042 2571 1158 2645 antiqui

153 2650 245 2708 moris
267 2651 323 2708 suit
336 2649 492 2725 reliquum.
535 2648 613 2704 Ante
636 2665 673 2703 ue
698 2645 891 2704 nobilissimis
907 2647 1026 2721 quidem
1041 2648 1157 2708 adoles·

154 2730 290 2788 centibus
313 2730 398 2787 locus
419 2737 490 2793 erat,
513 2727 568 2783 nisi
590 2725 690 2800 aliquo
705 2725 863 2783 Constilari
890 2725 1082 2799 producente,
1105 2729 1158 2804 qui

154 2829 207 2867 eos
231 2808 401 2867 ostenderet
423 2808 498 2870 soro,
519 2806 685 2880 assignaret
706 2805 800 2861 tama.
842 2804 902 2862 Ubi
920 2818 1019 2862 autem
1045 2811 1157 2866 exarsit

152 2888 283 2951 licentia,
311 2886 445 2942 refractis
473 2883 595 2960 pudoris
623 2891 653 2940 et
680 2883 854 2940 reverentiae
881 2883 1027 2950 claustris,
1056 2888 1157 2945 omnia

154 2967 291 3022 omnibus
307 2967 438 3039 patuere.
480 2962 613 3020 Juvenes
637 2962 701 3018 sine
727 2963 850 3026 fautore,
879 2962 943 3018 sina
968 2966 1158 3024 commenda-

155 3053 229 3111 tore,
254 3040 654 3106 solasubaudaciaconsrsi,
681 3059 739 3098 non
763 3039 953 3106 inducuntur,
976 3041 1026 3097 sed
1050 3044 1155 3101 irrum-

155 3133 238 3200 punt
280 3122 349 3180 Non
365 3140 417 3178 eos
433 3132 564 3178 moratur
578 3121 639 3177 loci·
652 3121 799 3197 majestas,
813 3119 911 3191 legum
928 3121 1078 3186 sanctitas,
1094 3122 1158 3179 offi-

155 3203 193 3261 cii
205 3202 332 3278 dignitas
344 3221 352 3257 ι
374 3219 412 3257 ne
423 3219 475 3257 eos
487 3200 604 3275 quidem
622 3211 721 3256 movet
734 3199 873 3256 novitatis
887 3207 918 3254 et
932 3199 1081 3256 tenuitatis
1096 3219 1157 3259 sus

155 3282 348 3341 conscientia.
391 3280 511 3345 Quanto
525 3281 591 3353 quis
606 3279 770 3346 obscurior,
795 3287 877 3334 tamo
898 3286 943 3332 est
957 3281 1154 3353 arrogantior.

194 3362 223 3419 8.
246 3359 280 3416 ln
296 3360 351 3416 bac
367 3359 434 3415 mali
450 3363 567 3415 summa
581 3358 697 3414 unicum
713 3367 868 3431 supererat
882 3356 1056 3419 subsidium,
1071 3358 1157 3418 sanita

156 3440 331 3518 periculum.
374 3437 455 3495 Leve
476 3437 548 3494 illud
578 3447 608 3493 et
637 3448 801 3494 extremum
836 3434 1002 3510 presidium
1033 3436 1157 3515 infregit

156 3519 283 3596 Largius
293 3517 435 3575 Licinius.
478 3515 507 3574 Is
517 3517 605 3580 euim,
619 3534 654 3572 ne
670 3516 746 3572 lama
760 3516 837 3572 soret
850 3516 880 3571 in
896 3515 1029 3586 ancipiti,
1043 3518 1155 3590 primus

156 3601 307 3656 auditores
321 3597 500 3673 corrogavit,
516 3595 611 3670 pretio
630 3593 766 3670 implevit
779 3592 928 3656 subsellia,
942 3593 1055 3670 ingenti
1071 3616 1156 3654 coro-

155 3681 197 3735 na
210 3695 242 3734 se
257 3677 395 3742 accinxit,
410 3676 542 3732 infinitos
557 3674 703 3731 clamores
712 3673 863 3730 conduxit.
905 3672 989 3738 Quos
998 3677 1062 3730 cim
1074 3677 1156 3734 audi·

155 3758 230 3814 isset
244 3755 393 3813 Domitius
408 3756 488 3821 Ater,
511 3755 629 3811 forense
650 3753 805 3810 artificium
824 3752 945 3826 periisse
967 3752 1153 3812 exclamavit.

155 3835 260 3894 Perire
275 3835 393 3910 quidem
409 3844 546 3910 caeperat,
563 3852 640 3890 nunc
656 3835 727 3890 verb
741 3833 836 3909 prope
846 3831 1154 3892 irraditusextinctum

156 3925 186 3974 at
209 3933 346 3974 eversum
368 3924 425 3974 est.
466 3913 543 3972 Nam
568 3914 593 3970 si
617 3929 729 3988 paucos
747 3912 912 3988 exceperis,
938 3929 1013 3987 quos
1034 3911 1157 3972 excelsa

633 3988 676 4054 23
