2516 4250
132 209 178 278 lb
461 205 503 272 C.
525 207 633 272 Gonu.
655 201 780 271 Tiora-r
929 206 983 293 [d.
999 206 1042 274 U.
1059 211 1137 276 822,

136 392 207 460 pem
224 371 297 449 fieri,
312 371 367 434 sibi
390 371 455 456 ipse
472 369 614 435 Vitellius
636 371 840 449 docurnento;
863 372 951 436 nullis
971 373 1138 457 stipendiis,

135 459 219 526 ttulld
234 459 351 522 militari
369 457 458 534 lamb,
475 457 581 520 Galbae
596 458 666 520 odio
680 473 851 540 provectus.
898 458 966 522 Nec
982 459 1138 524 Othonem

138 548 262 634 quidem
279 546 363 608 ducis
379 561 454 620 arte,
471 559 521 607 aut
541 543 694 608 exercitiis
711 545 750 621 vi,
765 545 819 606 sed
837 546 1027 629 preproperi:
1049 548 1141 629 ipsius

138 633 348 716 desperatione
366 633 487 705 victum,
500 630 563 716 jam
580 631 807 693 desiderabilem
819 646 850 693 et
866 653 1008 713 magnum
1025 633 1141 696 Princi-

139 741 210 805 pem
228 718 308 780 lecit.
353 715 435 780 Cirru
452 719 568 780 interim
585 717 697 800 spargit
714 717 857 799 legiones,
878 732 1013 780 exarmat
1033 720 1143 783 cohor·

139 819 196 882 tes,
218 825 296 867 nova
312 804 444 891 quotidie
472 804 552 865 bello
574 803 687 865 semina
705 805 867 866 ministrat:
892 805 915 865 si
943 805 1012 888 quid
1030 805 1143 869 ardoris

139 911 174 954 ac
198 890 314 953 ferociae
340 890 424 952 miles
450 889 563 965 habuit,
591 891 709 973 popinis
734 904 765 952 et
790 891 1081 954 commissationibus
1111 907 1144 956 et

140 977 290 1060 Principis
307 976 470 1038 imitatione
486 976 640 1038 deteritur.
685 975 757 1038 Tibi
784 997 802 1038 e
824 975 933 1038 tudes
954 991 985 1039 et
1009 977 1099 1061 Syriai
1113 991 1146 1041 et

139 1063 278 1148 AEgypto
293 1083 402 1125 novem
418 1063 552 1143 legiones
568 1063 700 1142 integre,
716 1062 799 1126 nollit
814 1063 878 1124 acie
894 1064 1060 1139 exhauste,
1082 1085 1143 1128 non

140 1148 465 1231 discordidoorruptae:
489 1148 543 1211 sed
560 1149 692 1212 firmatus
703 1171 758 1210 usu
775 1149 872 1225 miles,
885 1163 915 1211 et
932 1149 1001 1212 belli
1014 1151 1145 1214 domitor
1226 1145 1227 1234 ]

139 1237 277 1300 externi:
301 1236 452 1312 classium,
475 1235 599 1311 alarum,
626 1235 793 1298 cohortium
817 1236 942 1312 robora3
964 1249 995 1298 et
1010 1237 1144 1300 fidissimi
1226 1239 1227 1288 i

141 1321 268 1400 Reges:
293 1337 324 1383 et
338 1336 389 1385 tua
404 1336 474 1384 aute
489 1341 595 1383 omnes
606 1322 805 1404 experientia.

185 1405 360 1471 LXXVll.
384 1406 503 1470 ‘Nobis
526 1407 598 1469 nibil
625 1407 701 1470 ultrei
726 1406 882 1490 arrogabo,
908 1408 999 1492 quarn
1022 1429 1061 1470 ne
1078 1423 1145 1493 post

140 1493 304 1560 Valentem
321 1515 356 1557 ac
372 1492 525 1558 Cecinam
543 1514 745 1556 numeremur.
791 1493 841 1556 Ne
853 1509 953 1557 tamen
967 1493 1145 1558 Mucianum

140 1584 256 1648 accium
272 1581 430 1665 spreveris,
443 1581 512 1664 quia
529 1581 668 1642 amulum
686 1601 745 1643 non
761 1581 926 1664 experiris:
951 1601 1000 1643 me
1018 1580 1145 1645 Vitellio
1166 1587 1168 1592 '

142 1685 303 1754 antepono,
330 1683 360 1730 tc
384 1668 467 1730 mibi.
513 1665 590 1730 Tuae
606 1667 706 1729 domui
734 1667 914 1751 triumphale
937 1688 1058 1745 nomen,
1083 1668 1146 1731 duo

139 1755 280 1844 juvenes,
303 1775 402 1838 capax
421 1752 485 1840 jana
502 1751 624 1836 Imperii
640 1753 725 1830 alter,
752 1768 784 1816 et
809 1753 911 1837 primis
926 1754 1035 1816 militie
1058 1755 1145 1818 annis

143 1841 224 1926 apud
255 1840 454 1904 Germanicos
483 1861 604 1924 quoque
634 1841 786 1904 exercitus
814 1840 923 1904 clarus.
969 1841 1145 1906 Absurdum
1199 1904 1201 1906 ,

140 1925 241 2003 luerit,
257 1947 317 1990 nott
332 1926 442 1989 cedere
463 1924 595 2010 Imperio
609 1927 647 2003 ei,
670 1925 756 2011 cujus
770 1926 863 1990 filium
879 1925 1073 2011 adoptaturus
1096 1947 1146 1990 es·

141 2033 219 2090 seru,
229 2013 253 2076 si
268 2013 334 2096 ipse
349 2012 539 2096 imperarem.
577 2010 723 2076 Ceterum
741 2014 817 2076 inter
828 2035 882 2078 nos
898 2033 956 2074 non
970 2013 1050 2076 idem
1062 2035 1146 2097 pros·

144 2119 283 2186 pertarum
300 2098 553 2182 adversarumque
569 2119 667 2161 rerum
689 2099 766 2162 ordo
790 2099 857 2162 erit.
903 2097 995 2176 Nam,
1010 2101 1035 2162 si
1052 2100 1146 2163 vinci·

143 2207 222 2264 ntus,
247 2186 402 2261 honorent,
418 2205 509 2268 qoem
525 2183 653 2262 dederis,
681 2185 818 2248 habebo:
842 2185 1000 2249 discrimen
1017 2207 1052 2249 ac
1068 2187 1147 2271 peri-

142 2272 212 2340 cula
228 2293 269 2334 ex
284 2292 370 2356 equo
386 2271 551 2354 patiemur:
574 2270 678 2348 immo,
694 2287 727 2334 ut
743 2271 850 2334 melius
865 2287 921 2348 est,
938 2287 970 2334 tu
987 2273 1041 2336 bos
1056 2293 1147 2336 exer·
1226 2289 1227 2338 l

143 2359 220 2426 citus
235 2379 326 2440 rege;
349 2357 422 2419 mibi
439 2357 550 2419 bellurn
566 2371 596 2420 et
613 2358 779 2440 preliorum
796 2358 908 2422 incerta
924 2359 1019 2421 trade.
1058 2359 1148 2421 Acri·
1226 2371 1227 2422 l

143 2465 198 2512 ore
215 2445 304 2508 bodie
331 2441 488 2526 disciplinti
516 2443 597 2520 victi,
621 2443 711 2528 qo'am
738 2445 865 2508 victores
881 2459 991 2526 agunt:
1014 2445 1069 2508 bos
1092 2445 1146 2522 ira,
1226 2451 1227 2524 j

143 2531 259 2610 odium,
274 2530 393 2594 ultionis
407 2529 556 2611 cupiditas
570 2529 608 2592 ad
622 2531 761 2592 virtutem
778 2531 937 2594 accendit:
960 2531 1011 2609 illi,
1025 2551 1078 2616 per
1089 2529 1148 2596 las·
1226 2575 1227 2604 2

144 2617 250 2684 tidium
281 2631 312 2680 et
333 2615 564 2692 contumaciam,
588 2615 764 2680 hebescunt.
801 2616 929 2700 Aperiet
954 2631 985 2680 et
1012 2617 1148 2682 recludet
1226 2613 1227 2660 l

144 2719 283 2770 contecta
298 2717 329 2766 et
343 2702 542 2766 tumescentia
558 2702 721 2766 victricium
750 2703 877 2786 partium
894 2703 1017 2766 vulnera
1033 2703 1146 2766 bellum

143 2791 256 2877 ipsum.
302 2787 370 2852 Nec
393 2789 465 2852 milri
482 2787 575 2874 major
590 2788 619 2850 in
635 2788 688 2850 tud
704 2787 865 2871 vigilantii,
894 2789 1084 2873 parsimoniis,
1100 2811 1149 2855 sa·

144 2876 270 2964 pientid,
286 2874 393 2939 fiducia
409 2890 464 2952 est,
481 2875 572 2960 quarn
588 2875 617 2936 in
633 2873 746 2938 Vitellii
763 2891 892 2960 torpore,
916 2875 1041 2953 inscititi,
1062 2877 1148 2940 sevi·

143 2962 198 3029 tit.
244 2962 306 3026 Sed
323 2977 354 3025 et
370 2961 524 3026 meliorem
547 2963 576 3024 in
592 2960 674 3025 bello
687 2983 820 3036 causam,
843 2962 933 3047 quiam
957 2963 987 3026 in
1002 2985 1078 3048 pace
1094 2963 1148 3027 ba·

145 3051 273 3116 bernus:
298 3049 431 3134 namqui
447 3049 624 3124 deliberant,
640 3048 853 3112 desciverunt.’

191 3135 377 3200 LXXVlll.
409 3134 485 3198 Post
514 3133 649 3198 Muciani
678 3136 843 3199 orationem
870 3135 963 3199 ceteri
989 3135 1147 3200 audentius

144 3223 374 3299 circumsistere,
398 3222 525 3303 hortari,
542 3228 704 3305 ‘respousa
721 3237 822 3284 ratum
838 3235 870 3284 et
884 3222 1015 3285 siderum
1039 3223 1147 3288 motos’

145 3312 268 3376 referre.
315 3307 383 3371 Nec
398 3323 462 3370 erat
477 3309 603 3370 intactus
619 3309 669 3370 tali
692 3308 912 3392 superstitione,
939 3325 971 3372 ut
993 3309 1042 3394 qui
1064 3331 1148 3388 mon,

144 3419 244 3462 rerum
261 3394 409 3470 dominus,
433 3393 596 3456 Seleucum
614 3395 775 3479 quendam,
803 3395 1060 3473 mathematicum,
1084 3417 1150 3460 rec·

146 3499 244 3548 torem
268 3496 298 3544 et
321 3480 478 3564 praescium
505 3480 603 3565 palam
622 3482 767 3544 babuerit.
814 3479 1025 3544 Recursabant
1048 3482 1149 3548 animo

149 3585 251 3634 vetera
267 3569 387 3630 omina:
410 3587 570 3650 cupressus
582 3569 668 3631 arbor
682 3569 711 3630 in
725 3569 801 3652 agris
816 3567 891 3654 ejus,
903 3566 1069 3651 conspicue
1083 3569 1150 3632 alti-

148 3657 262 3731 tudine,
279 3652 404 3738 repentb
420 3654 606 3738 prociderat3
628 3677 664 3717 ac
680 3653 800 3738 posteris
814 3655 874 3732 die,
897 3655 1006 3717 eodem
1023 3655 1149 3737 vestigio

146 3763 318 3824 resurgens,
341 3761 464 3826 procera
480 3755 511 3804 et
527 3741 612 3804 latior
626 3741 762 3805 virebat:
783 3741 896 3824 grande
911 3741 942 3804 id
957 3753 1149 3826 prosperum*
1226 3757 1227 3764 ’
