<?xml version="1.0" encoding="UTF-8"?>
<!DOCTYPE html PUBLIC "-//W3C//DTD XHTML 1.0 Transitional//EN"
    "http://www.w3.org/TR/xhtml1/DTD/xhtml1-transitional.dtd">
<html xmlns="http://www.w3.org/1999/xhtml" xml:lang="en" lang="en">
 <head>
  <title>
</title>
<meta http-equiv="Content-Type" content="text/html;charset=utf-8" />
  <meta name='ocr-system' content='tesseract 3.04.00' />
  <meta name='ocr-capabilities' content='ocr_page ocr_carea ocr_par ocr_line ocrx_word'/>
</head>
<body>
  <div class='ocr_page' id='page_1' title='image "./ccorneliitaciti24tacigoog_0085.png"; bbox 0 0 2560 4258; ppageno 0'>
   <div class='ocr_carea' id='block_1_1' title="bbox 1217 55 1257 128">
    <p class='ocr_par' dir='ltr' id='par_1_1' title="bbox 1217 55 1257 128">
     <span class='ocr_line' id='line_1_1' title="bbox 1217 55 1257 82; baseline 0 -8"><span class='ocrx_word' id='word_1_1' title='bbox 1217 61 1238 82; x_wconf 56' lang='lat' dir='ltr'>“n</span> <span class='ocrx_word' id='word_1_2' title='bbox 1247 55 1257 82; x_wconf 48' lang='lat' dir='ltr'>X</span> 
     </span>
     <span class='ocr_line' id='line_1_2' title="bbox 1228 84 1257 98; baseline 0 0"><span class='ocrx_word' id='word_1_3' title='bbox 1228 84 1232 96; x_wconf 85' lang='grc' dir='ltr'>Ι</span> <span class='ocrx_word' id='word_1_4' title='bbox 1248 89 1257 98; x_wconf 68' lang='grc' dir='ltr'>α,</span> 
     </span>
     <span class='ocr_line' id='line_1_3' title="bbox 1217 105 1227 128; baseline 0 0"><span class='ocrx_word' id='word_1_5' title='bbox 1217 105 1227 128; x_wconf 69' lang='grc' dir='ltr'>ιτ</span> 
     </span>
    </p>
   </div>
   <div class='ocr_carea' id='block_1_2' title="bbox 74 245 1082 329">
    <p class='ocr_par' dir='ltr' id='par_1_2' title="bbox 74 245 1082 329">
     <span class='ocr_line' id='line_1_4' title="bbox 74 245 1082 329; baseline 0 -17"><span class='ocrx_word' id='word_1_6' title='bbox 74 249 117 312; x_wconf 88' lang='lat' dir='ltr'>A.</span> <span class='ocrx_word' id='word_1_7' title='bbox 132 245 175 312; x_wconf 87' lang='lat' dir='ltr'>C.</span> <span class='ocrx_word' id='word_1_8' title='bbox 187 247 257 329; x_wconf 87' lang='lat'>69.]</span> <span class='ocrx_word' id='word_1_9' title='bbox 425 245 568 312; x_wconf 77' lang='lat' dir='ltr'>Hieron.</span> <span class='ocrx_word' id='word_1_10' title='bbox 585 245 661 310; x_wconf 82' lang='lat' dir='ltr'>Lus.</span> <span class='ocrx_word' id='word_1_11' title='bbox 678 245 821 312; x_wconf 83' lang='lat' dir='ltr'>Parnus.</span> <span class='ocrx_word' id='word_1_12' title='bbox 1038 247 1082 312; x_wconf 82' lang='grc'>35</span> 
     </span>
    </p>
   </div>
   <div class='ocr_carea' id='block_1_3' title="bbox 78 408 1091 3519">
    <p class='ocr_par' dir='ltr' id='par_1_3' title="bbox 78 408 1085 1190">
     <span class='ocr_line' id='line_1_5' title="bbox 78 408 1084 496; baseline 0.001 -19"><span class='ocrx_word' id='word_1_13' title='bbox 78 411 157 477; x_wconf 86' lang='lat' dir='ltr'>tenti</span> <span class='ocrx_word' id='word_1_14' title='bbox 172 410 355 474; x_wconf 88' lang='lat' dir='ltr'>viderentur.</span> <span class='ocrx_word' id='word_1_15' title='bbox 402 408 587 488; x_wconf 80' lang='lat' dir='ltr'>Praetutiani,</span> <span class='ocrx_word' id='word_1_16' title='bbox 603 431 689 496; x_wconf 89' lang='lat' dir='ltr'>quos,</span> <span class='ocrx_word' id='word_1_17' title='bbox 712 431 766 494; x_wconf 87' lang='lat' dir='ltr'>per</span> <span class='ocrx_word' id='word_1_18' title='bbox 781 410 1000 476; x_wconf 81' lang='lat' dir='ltr'>simulationem</span> <span class='ocrx_word' id='word_1_19' title='bbox 1017 414 1084 478; x_wconf 87' lang='lat' dir='ltr'>offi-</span> 
     </span>
     <span class='ocr_line' id='line_1_6' title="bbox 79 496 1083 582; baseline 0.002 -19"><span class='ocrx_word' id='word_1_20' title='bbox 79 500 129 575; x_wconf 91' lang='lat' dir='ltr'>cii,</span> <span class='ocrx_word' id='word_1_21' title='bbox 153 498 259 578; x_wconf 87' lang='lat' dir='ltr'>legatis</span> <span class='ocrx_word' id='word_1_22' title='bbox 274 496 360 559; x_wconf 86' lang='lat' dir='ltr'>Otho</span> <span class='ocrx_word' id='word_1_23' title='bbox 376 497 563 582; x_wconf 83' lang='lat' dir='ltr'>adjunxerat,</span> <span class='ocrx_word' id='word_1_24' title='bbox 588 497 713 573; x_wconf 81' lang='lat' dir='ltr'>remissi,</span> <span class='ocrx_word' id='word_1_25' title='bbox 738 512 898 581; x_wconf 81' lang='lat' dir='ltr'>antequam</span> <span class='ocrx_word' id='word_1_26' title='bbox 915 499 1083 578; x_wconf 74' lang='lat' dir='ltr'>legionibus</span> 
     </span>
     <span class='ocr_line' id='line_1_7' title="bbox 80 581 1084 664; baseline 0.001 -15"><span class='ocrx_word' id='word_1_27' title='bbox 80 587 290 649; x_wconf 79' lang='lat' dir='ltr'>miscerentur.</span> <span class='ocrx_word' id='word_1_28' title='bbox 331 584 425 646; x_wconf 82' lang='lat' dir='ltr'>Addit</span> <span class='ocrx_word' id='word_1_29' title='bbox 440 585 582 664; x_wconf 81' lang='lat' dir='ltr'>epistolas</span> <span class='ocrx_word' id='word_1_30' title='bbox 599 582 711 646; x_wconf 86' lang='lat' dir='ltr'>Fabius</span> <span class='ocrx_word' id='word_1_31' title='bbox 729 581 854 660; x_wconf 91' lang='lat' dir='ltr'>Valens,</span> <span class='ocrx_word' id='word_1_32' title='bbox 872 586 992 648; x_wconf 84' lang='lat' dir='ltr'>nomine</span> <span class='ocrx_word' id='word_1_33' title='bbox 1004 585 1084 650; x_wconf 86' lang='lat' dir='ltr'>Ger·</span> 
     </span>
     <span class='ocr_line' id='line_1_8' title="bbox 80 668 1084 748; baseline 0.001 -13"><span class='ocrx_word' id='word_1_34' title='bbox 80 671 190 736; x_wconf 87' lang='lat' dir='ltr'>manici</span> <span class='ocrx_word' id='word_1_35' title='bbox 206 668 369 745; x_wconf 64' lang='lat' dir='ltr'>exercitiis</span> <span class='ocrx_word' id='word_1_36' title='bbox 382 671 418 732; x_wconf 88' lang='lat' dir='ltr'>ad</span> <span class='ocrx_word' id='word_1_37' title='bbox 435 669 593 732; x_wconf 78' lang='lat' dir='ltr'>Pretorias</span> <span class='ocrx_word' id='word_1_38' title='bbox 609 684 639 732; x_wconf 91' lang='lat' dir='ltr'>et</span> <span class='ocrx_word' id='word_1_39' title='bbox 655 670 781 732; x_wconf 88' lang='lat' dir='ltr'>urbanas</span> <span class='ocrx_word' id='word_1_40' title='bbox 796 673 948 748; x_wconf 89' lang='lat' dir='ltr'>cohortes,</span> <span class='ocrx_word' id='word_1_41' title='bbox 961 671 998 734; x_wconf 92' lang='lat' dir='ltr'>de</span> <span class='ocrx_word' id='word_1_42' title='bbox 1017 674 1084 736; x_wconf 89' lang='lat' dir='ltr'>viri·</span> 
     </span>
     <span class='ocr_line' id='line_1_9' title="bbox 80 756 1083 840; baseline 0.001 -18"><span class='ocrx_word' id='word_1_43' title='bbox 80 759 138 822; x_wconf 90' lang='lat' dir='ltr'>bus</span> <span class='ocrx_word' id='word_1_44' title='bbox 155 758 282 840; x_wconf 89' lang='lat' dir='ltr'>partium</span> <span class='ocrx_word' id='word_1_45' title='bbox 307 757 479 838; x_wconf 85' lang='lat' dir='ltr'>magnificas</span> <span class='ocrx_word' id='word_1_46' title='bbox 502 771 533 818; x_wconf 92' lang='lat' dir='ltr'>et</span> <span class='ocrx_word' id='word_1_47' title='bbox 554 756 745 819; x_wconf 85' lang='lat' dir='ltr'>concordiam</span> <span class='ocrx_word' id='word_1_48' title='bbox 761 756 934 819; x_wconf 88' lang='lat' dir='ltr'>offerentes.</span> <span class='ocrx_word' id='word_1_49' title='bbox 981 757 1083 823; x_wconf 90' lang='lat' dir='ltr'>lncre·</span> 
     </span>
     <span class='ocr_line' id='line_1_10' title="bbox 81 841 1083 929; baseline 0.001 -21"><span class='ocrx_word' id='word_1_50' title='bbox 81 845 174 929; x_wconf 89' lang='lat' dir='ltr'>pabat</span> <span class='ocrx_word' id='word_1_51' title='bbox 191 842 279 919; x_wconf 78' lang='lat' dir='ltr'>uhrh,</span> <span class='ocrx_word' id='word_1_52' title='bbox 306 841 407 927; x_wconf 82' lang='lat' dir='ltr'>‘qnbd</span> <span class='ocrx_word' id='word_1_53' title='bbox 425 841 508 904; x_wconf 83' lang='lat' dir='ltr'>tantd</span> <span class='ocrx_word' id='word_1_54' title='bbox 531 841 600 904; x_wconf 77' lang='lat' dir='ltr'>ante</span> <span class='ocrx_word' id='word_1_55' title='bbox 625 842 764 904; x_wconf 86' lang='lat' dir='ltr'>traditum</span> <span class='ocrx_word' id='word_1_56' title='bbox 780 841 904 906; x_wconf 90' lang='lat' dir='ltr'>Vitellio</span> <span class='ocrx_word' id='word_1_57' title='bbox 920 843 1083 927; x_wconf 87' lang='lat' dir='ltr'>lmpe-rium</span> 
     </span>
     <span class='ocr_line' id='line_1_11' title="bbox 81 927 1085 1011; baseline 0.001 -17"><span class='ocrx_word' id='word_1_58' title='bbox 81 930 119 994; x_wconf 87' lang='lat' dir='ltr'>ad</span> <span class='ocrx_word' id='word_1_59' title='bbox 136 929 294 992; x_wconf 88' lang='lat' dir='ltr'>Othonem</span> <span class='ocrx_word' id='word_1_60' title='bbox 312 928 492 990; x_wconf 88' lang='lat' dir='ltr'>vertissent.&#39;</span> <span class='ocrx_word' id='word_1_61' title='bbox 532 927 578 991; x_wconf 90' lang='lat' dir='ltr'>Ita</span> <span class='ocrx_word' id='word_1_62' title='bbox 595 928 745 1011; x_wconf 89' lang='lat' dir='ltr'>promissis</span> <span class='ocrx_word' id='word_1_63' title='bbox 760 929 848 991; x_wconf 89' lang='lat' dir='ltr'>simul</span> <span class='ocrx_word' id='word_1_64' title='bbox 865 952 899 992; x_wconf 90' lang='lat' dir='ltr'>ac</span> <span class='ocrx_word' id='word_1_65' title='bbox 916 932 1002 993; x_wconf 90' lang='lat' dir='ltr'>minis</span> <span class='ocrx_word' id='word_1_66' title='bbox 1017 948 1085 995; x_wconf 90' lang='lat' dir='ltr'>ten-</span> 
     </span>
     <span class='ocr_line' id='line_1_12' title="bbox 81 1015 1084 1104; baseline 0.001 -23"><span class='ocrx_word' id='word_1_67' title='bbox 81 1018 244 1093; x_wconf 91' lang='lat' dir='ltr'>tabantur;</span> <span class='ocrx_word' id='word_1_68' title='bbox 268 1023 320 1078; x_wconf 89' lang='lat' dir='ltr'>‘ut</span> <span class='ocrx_word' id='word_1_69' title='bbox 337 1015 416 1078; x_wconf 91' lang='lat' dir='ltr'>bello</span> <span class='ocrx_word' id='word_1_70' title='bbox 432 1016 571 1104; x_wconf 88' lang='lat' dir='ltr'>impares,</span> <span class='ocrx_word' id='word_1_71' title='bbox 599 1016 627 1076; x_wconf 90' lang='lat' dir='ltr'>in</span> <span class='ocrx_word' id='word_1_72' title='bbox 654 1035 728 1098; x_wconf 87' lang='lat' dir='ltr'>pace</span> <span class='ocrx_word' id='word_1_73' title='bbox 752 1015 825 1077; x_wconf 91' lang='lat' dir='ltr'>nihil</span> <span class='ocrx_word' id='word_1_74' title='bbox 841 1017 976 1080; x_wconf 84' lang='lat' dir='ltr'>amissuri</span> <span class='ocrx_word' id='word_1_75' title='bbox 988 1019 1006 1080; x_wconf 90' lang='lat'>:&#39;</span> <span class='ocrx_word' id='word_1_76' title='bbox 1030 1040 1084 1082; x_wconf 90' lang='lat' dir='ltr'>ne·</span> 
     </span>
     <span class='ocr_line' id='line_1_13' title="bbox 84 1101 728 1190; baseline -0.008 -22"><span class='ocrx_word' id='word_1_77' title='bbox 84 1126 144 1190; x_wconf 92' lang='lat' dir='ltr'>que</span> <span class='ocrx_word' id='word_1_78' title='bbox 159 1103 229 1165; x_wconf 87' lang='lat' dir='ltr'>ideo</span> <span class='ocrx_word' id='word_1_79' title='bbox 246 1101 495 1165; x_wconf 79' lang='lat' dir='ltr'>Praetorianorum</span> <span class='ocrx_word' id='word_1_80' title='bbox 512 1101 585 1164; x_wconf 87' lang='lat' dir='ltr'>fides</span> <span class='ocrx_word' id='word_1_81' title='bbox 602 1116 728 1163; x_wconf 90' lang='lat' dir='ltr'>mutata.</span> 
     </span>
    </p>

    <p class='ocr_par' dir='ltr' id='par_1_4' title="bbox 82 1186 1085 1958">
     <span class='ocr_line' id='line_1_14' title="bbox 129 1186 1084 1269; baseline 0.006 -18"><span class='ocrx_word' id='word_1_82' title='bbox 129 1187 266 1252; x_wconf 86' lang='lat' dir='ltr'><strong>LXXV.</strong></span> <span class='ocrx_word' id='word_1_83' title='bbox 290 1188 350 1250; x_wconf 88' lang='lat' dir='ltr'>Sed</span> <span class='ocrx_word' id='word_1_84' title='bbox 375 1189 559 1250; x_wconf 84' lang='lat' dir='ltr'>insidiatores</span> <span class='ocrx_word' id='word_1_85' title='bbox 582 1188 620 1249; x_wconf 93' lang='lat' dir='ltr'>ab</span> <span class='ocrx_word' id='word_1_86' title='bbox 642 1186 767 1250; x_wconf 91' lang='lat' dir='ltr'>Othone</span> <span class='ocrx_word' id='word_1_87' title='bbox 791 1187 819 1250; x_wconf 92' lang='lat' dir='ltr'>in</span> <span class='ocrx_word' id='word_1_88' title='bbox 837 1188 1043 1269; x_wconf 89' lang='lat' dir='ltr'>Germaniam,</span> <span class='ocrx_word' id='word_1_89' title='bbox 1065 1214 1084 1257; x_wconf 83' lang='lat' dir='ltr'>a</span> 
     </span>
     <span class='ocr_line' id='line_1_15' title="bbox 84 1273 1085 1359; baseline 0.003 -20"><span class='ocrx_word' id='word_1_90' title='bbox 84 1275 209 1340; x_wconf 90' lang='lat' dir='ltr'>Vitellio</span> <span class='ocrx_word' id='word_1_91' title='bbox 229 1276 257 1337; x_wconf 91' lang='lat' dir='ltr'>in</span> <span class='ocrx_word' id='word_1_92' title='bbox 281 1276 385 1337; x_wconf 89' lang='lat' dir='ltr'>urbem</span> <span class='ocrx_word' id='word_1_93' title='bbox 402 1275 501 1336; x_wconf 90' lang='lat' dir='ltr'>missi:</span> <span class='ocrx_word' id='word_1_94' title='bbox 523 1275 677 1359; x_wconf 88' lang='lat' dir='ltr'>utriusque</span> <span class='ocrx_word' id='word_1_95' title='bbox 694 1273 803 1337; x_wconf 71' lang='lat' dir='ltr'>frustra</span> <span class='ocrx_word' id='word_1_96' title='bbox 819 1274 893 1350; x_wconf 89' lang='lat' dir='ltr'>luit;</span> <span class='ocrx_word' id='word_1_97' title='bbox 916 1275 1085 1342; x_wconf 91' lang='lat' dir='ltr'>Vitellianis</span> 
     </span>
     <span class='ocr_line' id='line_1_16' title="bbox 83 1361 1084 1448; baseline 0.002 -22"><span class='ocrx_word' id='word_1_98' title='bbox 83 1361 217 1447; x_wconf 75' lang='lat' dir='ltr'>impune,</span> <span class='ocrx_word' id='word_1_99' title='bbox 243 1381 295 1444; x_wconf 88' lang='lat' dir='ltr'>per</span> <span class='ocrx_word' id='word_1_100' title='bbox 311 1376 422 1424; x_wconf 88' lang='lat' dir='ltr'>tantam</span> <span class='ocrx_word' id='word_1_101' title='bbox 441 1361 594 1425; x_wconf 88' lang='lat' dir='ltr'>hominnm</span> <span class='ocrx_word' id='word_1_102' title='bbox 620 1361 851 1438; x_wconf 90' lang='lat' dir='ltr'>multitudinem,</span> <span class='ocrx_word' id='word_1_103' title='bbox 875 1363 980 1426; x_wconf 74' lang='lat' dir='ltr'>mutuis</span> <span class='ocrx_word' id='word_1_104' title='bbox 1001 1367 1084 1448; x_wconf 87' lang='lat' dir='ltr'>igno·</span> 
     </span>
     <span class='ocr_line' id='line_1_17' title="bbox 82 1446 1082 1524; baseline 0.001 -11"><span class='ocrx_word' id='word_1_105' title='bbox 82 1447 179 1512; x_wconf 73' lang='lat' dir='ltr'>rantib</span> <span class='ocrx_word' id='word_1_106' title='bbox 194 1447 380 1510; x_wconf 79' lang='lat' dir='ltr'>fallentibus:</span> <span class='ocrx_word' id='word_1_107' title='bbox 404 1446 579 1524; x_wconf 84' lang='lat' dir='ltr'>Othoniani,</span> <span class='ocrx_word' id='word_1_108' title='bbox 603 1448 735 1509; x_wconf 86' lang='lat' dir='ltr'>novitate</span> <span class='ocrx_word' id='word_1_109' title='bbox 753 1447 863 1524; x_wconf 84' lang='lat' dir='ltr'>vultris,</span> <span class='ocrx_word' id='word_1_110' title='bbox 884 1451 1022 1514; x_wconf 87' lang='lat' dir='ltr'>omnibus</span> <span class='ocrx_word' id='word_1_111' title='bbox 1037 1453 1082 1514; x_wconf 93' lang='lat' dir='ltr'>in-</span> 
     </span>
     <span class='ocr_line' id='line_1_18' title="bbox 85 1532 1083 1616; baseline 0.003 -19"><span class='ocrx_word' id='word_1_112' title='bbox 85 1537 182 1600; x_wconf 80' lang='lat' dir='ltr'>vicem</span> <span class='ocrx_word' id='word_1_113' title='bbox 199 1536 318 1616; x_wconf 85' lang='lat' dir='ltr'>ignaris,</span> <span class='ocrx_word' id='word_1_114' title='bbox 336 1535 547 1616; x_wconf 89' lang='lat' dir='ltr'>prodebantur.</span> <span class='ocrx_word' id='word_1_115' title='bbox 592 1532 732 1596; x_wconf 90' lang='lat' dir='ltr'>Vitellius</span> <span class='ocrx_word' id='word_1_116' title='bbox 747 1535 845 1596; x_wconf 86' lang='lat' dir='ltr'>literas</span> <span class='ocrx_word' id='word_1_117' title='bbox 862 1537 898 1596; x_wconf 91' lang='lat' dir='ltr'>ad</span> <span class='ocrx_word' id='word_1_118' title='bbox 915 1535 1083 1616; x_wconf 88' lang='lat' dir='ltr'>Titianum,</span> 
     </span>
     <span class='ocr_line' id='line_1_19' title="bbox 85 1619 1084 1708; baseline 0.001 -23"><span class='ocrx_word' id='word_1_119' title='bbox 85 1622 206 1686; x_wconf 81' lang='lat' dir='ltr'>fratrem</span> <span class='ocrx_word' id='word_1_120' title='bbox 237 1619 378 1696; x_wconf 90' lang='lat' dir='ltr'>Othonis,</span> <span class='ocrx_word' id='word_1_121' title='bbox 404 1620 585 1703; x_wconf 84' lang='lat' dir='ltr'>composuit,</span> <span class='ocrx_word' id='word_1_122' title='bbox 612 1620 757 1682; x_wconf 82' lang='lat' dir='ltr'>‘exitium</span> <span class='ocrx_word' id='word_1_123' title='bbox 782 1621 837 1702; x_wconf 92' lang='lat' dir='ltr'>ipsi</span> <span class='ocrx_word' id='word_1_124' title='bbox 863 1621 982 1705; x_wconf 86' lang='lat' dir='ltr'>filioque</span> <span class='ocrx_word' id='word_1_125' title='bbox 1009 1623 1084 1708; x_wconf 90' lang='lat' dir='ltr'>ejus’</span> 
     </span>
     <span class='ocr_line' id='line_1_20' title="bbox 84 1707 1084 1784; baseline 0 -12"><span class='ocrx_word' id='word_1_126' title='bbox 84 1709 235 1784; x_wconf 76' lang='lat' dir='ltr'>minitanS,</span> <span class='ocrx_word' id='word_1_127' title='bbox 260 1709 308 1769; x_wconf 88' lang='lat' dir='ltr'>‘ui</span> <span class='ocrx_word' id='word_1_128' title='bbox 325 1707 490 1769; x_wconf 90' lang='lat' dir='ltr'>incolumes</span> <span class='ocrx_word' id='word_1_129' title='bbox 514 1707 569 1770; x_wconf 91' lang='lat' dir='ltr'>sibi</span> <span class='ocrx_word' id='word_1_130' title='bbox 585 1720 680 1768; x_wconf 85' lang='lat' dir='ltr'>mater</span> <span class='ocrx_word' id='word_1_131' title='bbox 706 1727 741 1768; x_wconf 88' lang='lat' dir='ltr'>ac</span> <span class='ocrx_word' id='word_1_132' title='bbox 765 1707 848 1768; x_wconf 88' lang='lat' dir='ltr'>liberi</span> <span class='ocrx_word' id='word_1_133' title='bbox 871 1710 1084 1772; x_wconf 87' lang='lat' dir='ltr'>servarentur.’</span> 
     </span>
     <span class='ocr_line' id='line_1_21' title="bbox 86 1783 1085 1877; baseline 0.003 -21"><span class='ocrx_word' id='word_1_134' title='bbox 86 1793 128 1857; x_wconf 85' lang='lat' dir='ltr'>Et</span> <span class='ocrx_word' id='word_1_135' title='bbox 142 1795 225 1856; x_wconf 87' lang='lat' dir='ltr'>stetit</span> <span class='ocrx_word' id='word_1_136' title='bbox 240 1783 347 1856; x_wconf 84' lang='lat' dir='ltr'>ddmus</span> <span class='ocrx_word' id='word_1_137' title='bbox 363 1809 509 1877; x_wconf 79' lang='lat' dir='ltr'>utraque:</span> <span class='ocrx_word' id='word_1_138' title='bbox 535 1793 591 1854; x_wconf 89' lang='lat' dir='ltr'>sub</span> <span class='ocrx_word' id='word_1_139' title='bbox 607 1791 742 1868; x_wconf 86' lang='lat' dir='ltr'>Othone,</span> <span class='ocrx_word' id='word_1_140' title='bbox 766 1793 911 1855; x_wconf 88' lang='lat' dir='ltr'>incertum</span> <span class='ocrx_word' id='word_1_141' title='bbox 929 1815 965 1856; x_wconf 92' lang='lat' dir='ltr'>an</span> <span class='ocrx_word' id='word_1_142' title='bbox 981 1809 1085 1874; x_wconf 82' lang='lat' dir='ltr'>metu3</span> 
     </span>
     <span class='ocr_line' id='line_1_22' title="bbox 85 1879 750 1958; baseline -0.003 -16"><span class='ocrx_word' id='word_1_143' title='bbox 85 1879 225 1944; x_wconf 90' lang='lat' dir='ltr'>Vitellius</span> <span class='ocrx_word' id='word_1_144' title='bbox 243 1881 336 1942; x_wconf 90' lang='lat' dir='ltr'>victor</span> <span class='ocrx_word' id='word_1_145' title='bbox 351 1880 517 1942; x_wconf 81' lang='lat' dir='ltr'>clementiae</span> <span class='ocrx_word' id='word_1_146' title='bbox 533 1879 657 1958; x_wconf 82' lang='lat' dir='ltr'>gloriam</span> <span class='ocrx_word' id='word_1_147' title='bbox 673 1879 750 1940; x_wconf 91' lang='lat' dir='ltr'>tulit.</span> 
     </span>
    </p>

    <p class='ocr_par' dir='ltr' id='par_1_5' title="bbox 85 1964 1087 2399">
     <span class='ocr_line' id='line_1_23' title="bbox 127 1964 1086 2050; baseline 0.005 -21"><span class='ocrx_word' id='word_1_148' title='bbox 127 1965 283 2030; x_wconf 88' lang='lat' dir='ltr'>LXXVI.</span> <span class='ocrx_word' id='word_1_149' title='bbox 308 1966 428 2029; x_wconf 88' lang='lat' dir='ltr'>Primus</span> <span class='ocrx_word' id='word_1_150' title='bbox 454 1964 569 2028; x_wconf 90' lang='lat' dir='ltr'>Othoni</span> <span class='ocrx_word' id='word_1_151' title='bbox 593 1965 731 2028; x_wconf 90' lang='lat' dir='ltr'>fiduciam</span> <span class='ocrx_word' id='word_1_152' title='bbox 759 1965 872 2029; x_wconf 91' lang='lat' dir='ltr'>addidit</span> <span class='ocrx_word' id='word_1_153' title='bbox 898 1988 937 2030; x_wconf 85' lang='lat' dir='ltr'>ex</span> <span class='ocrx_word' id='word_1_154' title='bbox 963 1967 1086 2050; x_wconf 86' lang='lat' dir='ltr'>lllyrico</span> 
     </span>
     <span class='ocr_line' id='line_1_24' title="bbox 85 2051 1086 2138; baseline 0.002 -20"><span class='ocrx_word' id='word_1_155' title='bbox 85 2055 217 2129; x_wconf 88' lang='lat' dir='ltr'>nuntius,</span> <span class='ocrx_word' id='word_1_156' title='bbox 235 2051 353 2138; x_wconf 74' lang='lat' dir='ltr'>jurdsse</span> <span class='ocrx_word' id='word_1_157' title='bbox 370 2055 398 2114; x_wconf 93' lang='lat' dir='ltr'>in</span> <span class='ocrx_word' id='word_1_158' title='bbox 414 2074 484 2114; x_wconf 86' lang='lat' dir='ltr'>eum</span> <span class='ocrx_word' id='word_1_159' title='bbox 502 2052 660 2116; x_wconf 78' lang='lat' dir='ltr'>Dalmatia</span> <span class='ocrx_word' id='word_1_160' title='bbox 684 2073 719 2114; x_wconf 87' lang='lat' dir='ltr'>ac</span> <span class='ocrx_word' id='word_1_161' title='bbox 742 2051 905 2116; x_wconf 77' lang='lat' dir='ltr'>Pannonia</span> <span class='ocrx_word' id='word_1_162' title='bbox 922 2070 952 2116; x_wconf 91' lang='lat' dir='ltr'>et</span> <span class='ocrx_word' id='word_1_163' title='bbox 969 2055 1086 2120; x_wconf 85' lang='lat' dir='ltr'>Moesiae</span> 
     </span>
     <span class='ocr_line' id='line_1_25' title="bbox 85 2137 1087 2227; baseline 0.002 -23"><span class='ocrx_word' id='word_1_164' title='bbox 85 2142 230 2224; x_wconf 81' lang='lat' dir='ltr'>legiones.</span> <span class='ocrx_word' id='word_1_165' title='bbox 285 2138 370 2200; x_wconf 89' lang='lat' dir='ltr'>ldem</span> <span class='ocrx_word' id='word_1_166' title='bbox 398 2160 438 2200; x_wconf 88' lang='lat' dir='ltr'>ex</span> <span class='ocrx_word' id='word_1_167' title='bbox 463 2137 612 2222; x_wconf 70' lang='lat' dir='ltr'>Hispania</span> <span class='ocrx_word' id='word_1_168' title='bbox 635 2139 778 2201; x_wconf 86' lang='lat' dir='ltr'>allatum:</span> <span class='ocrx_word' id='word_1_169' title='bbox 807 2140 1005 2225; x_wconf 89' lang='lat' dir='ltr'>laudatusque</span> <span class='ocrx_word' id='word_1_170' title='bbox 1033 2165 1087 2227; x_wconf 90' lang='lat' dir='ltr'>per</span> 
     </span>
     <span class='ocr_line' id='line_1_26' title="bbox 87 2224 1085 2305; baseline 0.003 -15"><span class='ocrx_word' id='word_1_171' title='bbox 87 2227 218 2290; x_wconf 87' lang='lat' dir='ltr'>edictum</span> <span class='ocrx_word' id='word_1_172' title='bbox 232 2225 359 2289; x_wconf 90' lang='lat' dir='ltr'>Cluvius</span> <span class='ocrx_word' id='word_1_173' title='bbox 377 2224 495 2288; x_wconf 84' lang='lat' dir='ltr'>Rulus:</span> <span class='ocrx_word' id='word_1_174' title='bbox 518 2240 548 2288; x_wconf 90' lang='lat' dir='ltr'>et</span> <span class='ocrx_word' id='word_1_175' title='bbox 559 2226 658 2287; x_wconf 90' lang='lat' dir='ltr'>statim</span> <span class='ocrx_word' id='word_1_176' title='bbox 671 2227 825 2305; x_wconf 82' lang='lat' dir='ltr'>cognitum</span> <span class='ocrx_word' id='word_1_177' title='bbox 841 2243 897 2302; x_wconf 90' lang='lat' dir='ltr'>est,</span> <span class='ocrx_word' id='word_1_178' title='bbox 909 2250 1085 2293; x_wconf 87' lang='lat' dir='ltr'>conversam</span> 
     </span>
     <span class='ocr_line' id='line_1_27' title="bbox 87 2309 1086 2399; baseline 0.002 -23"><span class='ocrx_word' id='word_1_179' title='bbox 87 2313 123 2378; x_wconf 88' lang='lat' dir='ltr'>ad</span> <span class='ocrx_word' id='word_1_180' title='bbox 150 2311 307 2376; x_wconf 89' lang='lat' dir='ltr'>Vitellium</span> <span class='ocrx_word' id='word_1_181' title='bbox 336 2309 524 2394; x_wconf 82' lang='lat' dir='ltr'>Hispaniam.</span> <span class='ocrx_word' id='word_1_182' title='bbox 570 2310 620 2374; x_wconf 89' lang='lat' dir='ltr'>Ne</span> <span class='ocrx_word' id='word_1_183' title='bbox 650 2312 810 2395; x_wconf 86' lang='lat' dir='ltr'>Aquitania</span> <span class='ocrx_word' id='word_1_184' title='bbox 834 2313 966 2397; x_wconf 88' lang='lat' dir='ltr'>quidem,</span> <span class='ocrx_word' id='word_1_185' title='bbox 992 2337 1086 2399; x_wconf 91' lang='lat' dir='ltr'>quan·</span> 
     </span>
    </p>

    <p class='ocr_par' dir='ltr' id='par_1_6' title="bbox 86 2397 1091 3519">
     <span class='ocr_line' id='line_1_28' title="bbox 108 2397 1087 2476; baseline 0.005 -15"><span class='ocrx_word' id='word_1_186' title='bbox 108 2421 176 2462; x_wconf 89' lang='lat' dir='ltr'>uam</span> <span class='ocrx_word' id='word_1_187' title='bbox 193 2421 209 2461; x_wconf 92' lang='lat' dir='ltr'>a</span> <span class='ocrx_word' id='word_1_188' title='bbox 225 2398 244 2460; x_wconf 90' lang='lat' dir='ltr'>J</span> <span class='ocrx_word' id='word_1_189' title='bbox 248 2399 307 2460; x_wconf 91' lang='lat' dir='ltr'>ulio</span> <span class='ocrx_word' id='word_1_190' title='bbox 323 2397 427 2461; x_wconf 89' lang='lat' dir='ltr'>Cordo</span> <span class='ocrx_word' id='word_1_191' title='bbox 442 2400 471 2460; x_wconf 91' lang='lat' dir='ltr'>in</span> <span class='ocrx_word' id='word_1_192' title='bbox 489 2397 580 2460; x_wconf 85' lang='lat' dir='ltr'>verba</span> <span class='ocrx_word' id='word_1_193' title='bbox 594 2397 724 2461; x_wconf 88' lang='lat' dir='ltr'>Othonis</span> <span class='ocrx_word' id='word_1_194' title='bbox 739 2399 889 2476; x_wconf 90' lang='lat' dir='ltr'>obstricta,</span> <span class='ocrx_word' id='word_1_195' title='bbox 901 2401 950 2463; x_wconf 93' lang='lat' dir='ltr'>diu</span> <span class='ocrx_word' id='word_1_196' title='bbox 968 2403 1087 2466; x_wconf 88' lang='lat' dir='ltr'>mansit.</span> 
     </span>
     <span class='ocr_line' id='line_1_29' title="bbox 87 2423 1087 2569; baseline 0.004 -20"><span class='ocrx_word' id='word_1_197' title='bbox 87 2423 245 2569; x_wconf 73' lang='lat' dir='ltr'>llusquam</span> <span class='ocrx_word' id='word_1_198' title='bbox 262 2485 335 2547; x_wconf 86' lang='lat' dir='ltr'>fides</span> <span class='ocrx_word' id='word_1_199' title='bbox 362 2499 413 2547; x_wconf 92' lang='lat' dir='ltr'>aut</span> <span class='ocrx_word' id='word_1_200' title='bbox 436 2506 538 2560; x_wconf 90' lang='lat' dir='ltr'>amor,·</span> <span class='ocrx_word' id='word_1_201' title='bbox 569 2499 650 2547; x_wconf 87' lang='lat' dir='ltr'>metu</span> <span class='ocrx_word' id='word_1_202' title='bbox 670 2505 712 2558; x_wconf 88' lang='lat' dir='ltr'>ac</span> <span class='ocrx_word' id='word_1_203' title='bbox 730 2486 907 2549; x_wconf 88' lang='lat' dir='ltr'>necessitate</span> <span class='ocrx_word' id='word_1_204' title='bbox 931 2488 989 2550; x_wconf 91' lang='lat' dir='ltr'>huc</span> <span class='ocrx_word' id='word_1_205' title='bbox 1016 2490 1087 2553; x_wconf 87' lang='lat' dir='ltr'>illuc</span> 
     </span>
     <span class='ocr_line' id='line_1_30' title="bbox 87 2569 1087 2654; baseline 0.003 -18"><span class='ocrx_word' id='word_1_206' title='bbox 87 2575 288 2636; x_wconf 88' lang='lat' dir='ltr'>mutabantur.</span> <span class='ocrx_word' id='word_1_207' title='bbox 327 2569 444 2634; x_wconf 87' lang='lat' dir='ltr'>Eadem</span> <span class='ocrx_word' id='word_1_208' title='bbox 461 2570 587 2634; x_wconf 78' lang='lat' dir='ltr'>formido</span> <span class='ocrx_word' id='word_1_209' title='bbox 604 2571 789 2654; x_wconf 87' lang='lat' dir='ltr'>provinciam</span> <span class='ocrx_word' id='word_1_210' title='bbox 802 2570 1032 2636; x_wconf 87' lang='lat' dir='ltr'>Narbonensem</span> <span class='ocrx_word' id='word_1_211' title='bbox 1048 2577 1087 2639; x_wconf 88' lang='lat' dir='ltr'>ad</span> 
     </span>
     <span class='ocr_line' id='line_1_31' title="bbox 86 2657 1086 2740; baseline 0.006 -20"><span class='ocrx_word' id='word_1_212' title='bbox 86 2657 241 2728; x_wconf 87' lang='lat' dir='ltr'>Vitellium</span> <span class='ocrx_word' id='word_1_213' title='bbox 260 2659 356 2734; x_wconf 85' lang='lat' dir='ltr'>vertit,</span> <span class='ocrx_word' id='word_1_214' title='bbox 383 2657 462 2720; x_wconf 88' lang='lat' dir='ltr'>sacili</span> <span class='ocrx_word' id='word_1_215' title='bbox 478 2657 599 2721; x_wconf 90' lang='lat' dir='ltr'>transitu</span> <span class='ocrx_word' id='word_1_216' title='bbox 623 2658 660 2718; x_wconf 90' lang='lat' dir='ltr'>ad</span> <span class='ocrx_word' id='word_1_217' title='bbox 689 2659 841 2740; x_wconf 82' lang='lat' dir='ltr'>proximos</span> <span class='ocrx_word' id='word_1_218' title='bbox 864 2674 894 2721; x_wconf 91' lang='lat' dir='ltr'>et</span> <span class='ocrx_word' id='word_1_219' title='bbox 919 2661 1086 2726; x_wconf 88' lang='lat' dir='ltr'>validiores.</span> 
     </span>
     <span class='ocr_line' id='line_1_32' title="bbox 87 2744 1087 2828; baseline 0.002 -19"><span class='ocrx_word' id='word_1_220' title='bbox 87 2745 275 2828; x_wconf 81' lang='lat' dir='ltr'>Longinquae</span> <span class='ocrx_word' id='word_1_221' title='bbox 292 2745 462 2827; x_wconf 88' lang='lat' dir='ltr'>provinciae,</span> <span class='ocrx_word' id='word_1_222' title='bbox 475 2759 505 2806; x_wconf 88' lang='lat' dir='ltr'>et</span> <span class='ocrx_word' id='word_1_223' title='bbox 521 2744 662 2828; x_wconf 87' lang='lat' dir='ltr'>quicquid</span> <span class='ocrx_word' id='word_1_224' title='bbox 678 2766 826 2807; x_wconf 89' lang='lat' dir='ltr'>armorum</span> <span class='ocrx_word' id='word_1_225' title='bbox 844 2745 915 2807; x_wconf 89' lang='lat' dir='ltr'>mari</span> <span class='ocrx_word' id='word_1_226' title='bbox 932 2746 1087 2827; x_wconf 87' lang='lat' dir='ltr'>dirimitur,</span> 
     </span>
     <span class='ocr_line' id='line_1_33' title="bbox 88 2830 1089 2917; baseline 0.005 -23"><span class='ocrx_word' id='word_1_227' title='bbox 88 2853 183 2917; x_wconf 90' lang='lat' dir='ltr'>penes</span> <span class='ocrx_word' id='word_1_228' title='bbox 198 2830 354 2893; x_wconf 92' lang='lat' dir='ltr'>Othonem</span> <span class='ocrx_word' id='word_1_229' title='bbox 379 2831 557 2894; x_wconf 88' lang='lat' dir='ltr'>manebant:</span> <span class='ocrx_word' id='word_1_230' title='bbox 590 2853 648 2892; x_wconf 91' lang='lat' dir='ltr'>non</span> <span class='ocrx_word' id='word_1_231' title='bbox 668 2831 795 2912; x_wconf 88' lang='lat' dir='ltr'>partium</span> <span class='ocrx_word' id='word_1_232' title='bbox 815 2832 931 2907; x_wconf 89' lang='lat' dir='ltr'>studio;</span> <span class='ocrx_word' id='word_1_233' title='bbox 955 2834 1007 2894; x_wconf 91' lang='lat' dir='ltr'>sed</span> <span class='ocrx_word' id='word_1_234' title='bbox 1025 2851 1089 2899; x_wconf 88' lang='lat' dir='ltr'>erat</span> 
     </span>
     <span class='ocr_line' id='line_1_34' title="bbox 88 2917 1086 3002; baseline 0.003 -20"><span class='ocrx_word' id='word_1_235' title='bbox 88 2919 199 3002; x_wconf 87' lang='lat' dir='ltr'>grande</span> <span class='ocrx_word' id='word_1_236' title='bbox 217 2932 403 2980; x_wconf 89' lang='lat' dir='ltr'>momentum</span> <span class='ocrx_word' id='word_1_237' title='bbox 427 2918 455 2980; x_wconf 94' lang='lat' dir='ltr'>in</span> <span class='ocrx_word' id='word_1_238' title='bbox 480 2917 601 2979; x_wconf 91' lang='lat' dir='ltr'>nomine</span> <span class='ocrx_word' id='word_1_239' title='bbox 624 2917 704 2978; x_wconf 86' lang='lat' dir='ltr'>urbis</span> <span class='ocrx_word' id='word_1_240' title='bbox 731 2939 766 2980; x_wconf 87' lang='lat' dir='ltr'>ac</span> <span class='ocrx_word' id='word_1_241' title='bbox 783 2933 929 2999; x_wconf 76' lang='lat' dir='ltr'>praetextu</span> <span class='ocrx_word' id='word_1_242' title='bbox 945 2920 1086 2985; x_wconf 79' lang='lat' dir='ltr'>senariis:</span> 
     </span>
     <span class='ocr_line' id='line_1_35' title="bbox 88 3002 1088 3088; baseline 0.002 -20"><span class='ocrx_word' id='word_1_243' title='bbox 88 3020 118 3068; x_wconf 86' lang='lat' dir='ltr'>at</span> <span class='ocrx_word' id='word_1_244' title='bbox 133 3019 335 3088; x_wconf 86' lang='lat' dir='ltr'>occupaverat</span> <span class='ocrx_word' id='word_1_245' title='bbox 350 3005 465 3066; x_wconf 87' lang='lat' dir='ltr'>animos</span> <span class='ocrx_word' id='word_1_246' title='bbox 482 3005 559 3086; x_wconf 87' lang='lat' dir='ltr'>prior</span> <span class='ocrx_word' id='word_1_247' title='bbox 568 3003 697 3064; x_wconf 89' lang='lat' dir='ltr'>auditus.</span> <span class='ocrx_word' id='word_1_248' title='bbox 742 3002 903 3066; x_wconf 89' lang='lat' dir='ltr'>Judaicum</span> <span class='ocrx_word' id='word_1_249' title='bbox 920 3008 1088 3071; x_wconf 81' lang='lat' dir='ltr'>exercitum</span> 
     </span>
     <span class='ocr_line' id='line_1_36' title="bbox 89 3088 1089 3174; baseline 0.004 -22"><span class='ocrx_word' id='word_1_250' title='bbox 89 3089 306 3174; x_wconf 87' lang='lat' dir='ltr'>Vespasianus,</span> <span class='ocrx_word' id='word_1_251' title='bbox 324 3089 418 3172; x_wconf 83' lang='lat' dir='ltr'>Syriae</span> <span class='ocrx_word' id='word_1_252' title='bbox 435 3090 568 3170; x_wconf 87' lang='lat' dir='ltr'>legiones</span> <span class='ocrx_word' id='word_1_253' title='bbox 580 3088 739 3151; x_wconf 88' lang='lat' dir='ltr'>Mucianus</span> <span class='ocrx_word' id='word_1_254' title='bbox 754 3106 943 3153; x_wconf 85' lang='lat' dir='ltr'>sacramento</span> <span class='ocrx_word' id='word_1_255' title='bbox 958 3091 1089 3156; x_wconf 91' lang='lat' dir='ltr'>Othonis</span> 
     </span>
     <span class='ocr_line' id='line_1_37' title="bbox 89 3175 1089 3260; baseline 0.003 -19"><span class='ocrx_word' id='word_1_256' title='bbox 89 3178 230 3257; x_wconf 73' lang='lat' dir='ltr'>adegere.</span> <span class='ocrx_word' id='word_1_257' title='bbox 277 3177 374 3238; x_wconf 89' lang='lat' dir='ltr'>Simul</span> <span class='ocrx_word' id='word_1_258' title='bbox 390 3175 544 3258; x_wconf 82' lang='lat' dir='ltr'>AEgyptus</span> <span class='ocrx_word' id='word_1_259' title='bbox 568 3197 733 3260; x_wconf 89' lang='lat' dir='ltr'>omnesque</span> <span class='ocrx_word' id='word_1_260' title='bbox 758 3197 849 3240; x_wconf 80' lang='lat' dir='ltr'>versa</span> <span class='ocrx_word' id='word_1_261' title='bbox 877 3177 905 3238; x_wconf 92' lang='lat' dir='ltr'>in</span> <span class='ocrx_word' id='word_1_262' title='bbox 929 3177 1089 3244; x_wconf 89' lang='lat' dir='ltr'>Orientem</span> 
     </span>
     <span class='ocr_line' id='line_1_38' title="bbox 88 3261 1090 3348; baseline 0.001 -20"><span class='ocrx_word' id='word_1_263' title='bbox 88 3264 248 3348; x_wconf 81' lang='lat' dir='ltr'>provincia</span> <span class='ocrx_word' id='word_1_264' title='bbox 279 3264 399 3326; x_wconf 89' lang='lat' dir='ltr'>nomine</span> <span class='ocrx_word' id='word_1_265' title='bbox 430 3261 494 3348; x_wconf 88' lang='lat' dir='ltr'>ejus</span> <span class='ocrx_word' id='word_1_266' title='bbox 517 3263 706 3325; x_wconf 87' lang='lat' dir='ltr'>tenebantur.</span> <span class='ocrx_word' id='word_1_267' title='bbox 753 3262 838 3326; x_wconf 89' lang='lat' dir='ltr'>ldem</span> <span class='ocrx_word' id='word_1_268' title='bbox 865 3263 972 3326; x_wconf 80' lang='lat' dir='ltr'>Alticae</span> <span class='ocrx_word' id='word_1_269' title='bbox 1002 3267 1090 3330; x_wconf 90' lang='lat' dir='ltr'>obse-</span> 
     </span>
     <span class='ocr_line' id='line_1_39' title="bbox 90 3347 1091 3437; baseline 0.002 -24"><span class='ocrx_word' id='word_1_270' title='bbox 90 3352 204 3435; x_wconf 89' lang='lat' dir='ltr'>quium,</span> <span class='ocrx_word' id='word_1_271' title='bbox 230 3350 313 3412; x_wconf 93' lang='lat' dir='ltr'>initio</span> <span class='ocrx_word' id='word_1_272' title='bbox 337 3371 354 3411; x_wconf 93' lang='lat' dir='ltr'>a</span> <span class='ocrx_word' id='word_1_273' title='bbox 378 3349 562 3430; x_wconf 85' lang='lat' dir='ltr'>Carthagine</span> <span class='ocrx_word' id='word_1_274' title='bbox 578 3364 655 3410; x_wconf 91' lang='lat' dir='ltr'>orto.</span> <span class='ocrx_word' id='word_1_275' title='bbox 701 3347 812 3433; x_wconf 89' lang='lat' dir='ltr'>Neque</span> <span class='ocrx_word' id='word_1_276' title='bbox 835 3350 999 3432; x_wconf 70' lang='lat' dir='ltr'>expectati</span> <span class='ocrx_word' id='word_1_277' title='bbox 1014 3351 1091 3437; x_wconf 93' lang='lat' dir='ltr'>Vip-</span> 
     </span>
     <span class='ocr_line' id='line_1_40' title="bbox 88 3434 1091 3519; baseline 0.001 -18"><span class='ocrx_word' id='word_1_278' title='bbox 88 3439 164 3501; x_wconf 89' lang='lat' dir='ltr'>stani</span> <span class='ocrx_word' id='word_1_279' title='bbox 187 3436 363 3519; x_wconf 85' lang='lat' dir='ltr'>Aproniani,</span> <span class='ocrx_word' id='word_1_280' title='bbox 394 3434 597 3510; x_wconf 84' lang='lat' dir='ltr'>Proccrisulis,</span> <span class='ocrx_word' id='word_1_281' title='bbox 625 3436 811 3511; x_wconf 88' lang='lat' dir='ltr'>auctoritate,</span> <span class='ocrx_word' id='word_1_282' title='bbox 839 3435 1000 3513; x_wconf 87' lang='lat' dir='ltr'>Crescens,</span> <span class='ocrx_word' id='word_1_283' title='bbox 1026 3439 1091 3502; x_wconf 88' lang='lat' dir='ltr'>Ne·</span> 
     </span>
    </p>
   </div>
   <div class='ocr_carea' id='block_1_4' title="bbox 88 3522 1093 3607">
    <p class='ocr_par' dir='ltr' id='par_1_7' title="bbox 88 3522 1093 3607">
     <span class='ocr_line' id='line_1_41' title="bbox 88 3522 1093 3607; baseline 0.002 -20"><span class='ocrx_word' id='word_1_284' title='bbox 88 3525 168 3588; x_wconf 89' lang='lat' dir='ltr'>runis</span> <span class='ocrx_word' id='word_1_285' title='bbox 184 3523 306 3586; x_wconf 82' lang='lat' dir='ltr'>libertus</span> <span class='ocrx_word' id='word_1_286' title='bbox 323 3523 407 3607; x_wconf 83' lang='lat' dir='ltr'>(narn</span> <span class='ocrx_word' id='word_1_287' title='bbox 431 3537 462 3584; x_wconf 89' lang='lat' dir='ltr'>et</span> <span class='ocrx_word' id='word_1_288' title='bbox 483 3523 513 3584; x_wconf 93' lang='lat' dir='ltr'>hi</span> <span class='ocrx_word' id='word_1_289' title='bbox 537 3522 622 3585; x_wconf 87' lang='lat' dir='ltr'>melis</span> <span class='ocrx_word' id='word_1_290' title='bbox 636 3523 820 3604; x_wconf 89' lang='lat' dir='ltr'>temporibus</span> <span class='ocrx_word' id='word_1_291' title='bbox 837 3538 951 3605; x_wconf 89' lang='lat' dir='ltr'>partem</span> <span class='ocrx_word' id='word_1_292' title='bbox 968 3547 1000 3586; x_wconf 89' lang='lat' dir='ltr'>se</span> <span class='ocrx_word' id='word_1_293' title='bbox 1016 3523 1093 3590; x_wconf 91' lang='lat' dir='ltr'>Rei·</span> 
     </span>
    </p>
   </div>
   <div class='ocr_carea' id='block_1_5' title="bbox 88 3608 1092 3867">
    <p class='ocr_par' dir='ltr' id='par_1_8' title="bbox 88 3608 1092 3867">
     <span class='ocr_line' id='line_1_42' title="bbox 90 3608 1091 3694; baseline 0.003 -21"><span class='ocrx_word' id='word_1_294' title='bbox 90 3611 218 3694; x_wconf 82' lang='lat' dir='ltr'>publicae</span> <span class='ocrx_word' id='word_1_295' title='bbox 235 3608 361 3692; x_wconf 79' lang='lat' dir='ltr'>faciunt)</span> <span class='ocrx_word' id='word_1_296' title='bbox 374 3609 497 3691; x_wconf 90' lang='lat' dir='ltr'>epulum</span> <span class='ocrx_word' id='word_1_297' title='bbox 515 3609 605 3692; x_wconf 91' lang='lat' dir='ltr'>plebi,</span> <span class='ocrx_word' id='word_1_298' title='bbox 617 3609 656 3670; x_wconf 90' lang='lat' dir='ltr'>ob</span> <span class='ocrx_word' id='word_1_299' title='bbox 669 3609 799 3672; x_wconf 75' lang='lat' dir='ltr'>letitiam</span> <span class='ocrx_word' id='word_1_300' title='bbox 816 3611 944 3672; x_wconf 87' lang='lat' dir='ltr'>recentis</span> <span class='ocrx_word' id='word_1_301' title='bbox 958 3609 1091 3693; x_wconf 88' lang='lat' dir='ltr'>Imperii,</span> 
     </span>
     <span class='ocr_line' id='line_1_43' title="bbox 88 3694 1091 3779; baseline 0.002 -19"><span class='ocrx_word' id='word_1_302' title='bbox 88 3697 251 3772; x_wconf 87' lang='lat' dir='ltr'>obtulerat,</span> <span class='ocrx_word' id='word_1_303' title='bbox 267 3710 298 3758; x_wconf 91' lang='lat' dir='ltr'>et</span> <span class='ocrx_word' id='word_1_304' title='bbox 315 3696 443 3779; x_wconf 89' lang='lat' dir='ltr'>populus</span> <span class='ocrx_word' id='word_1_305' title='bbox 460 3695 602 3779; x_wconf 89' lang='lat' dir='ltr'>pleraque</span> <span class='ocrx_word' id='word_1_306' title='bbox 620 3696 684 3758; x_wconf 90' lang='lat' dir='ltr'>sine</span> <span class='ocrx_word' id='word_1_307' title='bbox 701 3695 791 3757; x_wconf 91' lang='lat' dir='ltr'>modo</span> <span class='ocrx_word' id='word_1_308' title='bbox 808 3694 967 3758; x_wconf 78' lang='lat' dir='ltr'>festinavit.</span> <span class='ocrx_word' id='word_1_309' title='bbox 1014 3697 1091 3762; x_wconf 85' lang='lat' dir='ltr'>Car·-</span> 
     </span>
     <span class='ocr_line' id='line_1_44' title="bbox 89 3780 1092 3867; baseline 0.003 -21"><span class='ocrx_word' id='word_1_310' title='bbox 89 3784 244 3867; x_wconf 83' lang='lat' dir='ltr'>thaginem</span> <span class='ocrx_word' id='word_1_311' title='bbox 260 3797 368 3846; x_wconf 82' lang='lat' dir='ltr'>ceterae</span> <span class='ocrx_word' id='word_1_312' title='bbox 383 3782 520 3846; x_wconf 86' lang='lat' dir='ltr'>civitates</span> <span class='ocrx_word' id='word_1_313' title='bbox 535 3795 657 3845; x_wconf 78' lang='lat' dir='ltr'>secuta.</span> <span class='ocrx_word' id='word_1_314' title='bbox 703 3780 755 3845; x_wconf 93' lang='lat' dir='ltr'>Sic</span> <span class='ocrx_word' id='word_1_315' title='bbox 777 3781 925 3846; x_wconf 87' lang='lat' dir='ltr'>distractis</span> <span class='ocrx_word' id='word_1_316' title='bbox 952 3786 1092 3849; x_wconf 82' lang='lat' dir='ltr'>exerciti·</span> 
     </span>
    </p>
   </div>
   <div class='ocr_carea' id='block_1_6' title="bbox 0 0 1293 4258">
    <p class='ocr_par' dir='ltr' id='par_1_9' title="bbox 0 0 1293 4258">
     <span class='ocr_line' id='line_1_45' title="bbox 0 0 1293 4258; baseline 0 0"><span class='ocrx_word' id='word_1_317' title='bbox 0 0 1293 4258; x_wconf 95' lang='lat' dir='ltr'> </span> 
     </span>
    </p>
   </div>
  </div>
 </body>
</html>
