2484 4316
11 315 13 332 Ι
112 207 156 277 Δ.
172 209 213 278 C.
226 211 294 298 69.]
393 209 535 278 Hrsnon.
559 212 635 278 Lm.
659 211 835 288 Quassus.
1052 212 1114 276 145

11 355 12 378 ἶ
112 363 233 456 sistunt,
256 378 374 442 eminus
396 377 592 440 lacessentes.
638 375 725 455 Pdst,
747 377 798 439 ubi
821 375 965 461 pleraque
988 376 1114 441 telorum

116 465 244 528 turribus
270 465 428 548 pinnisque
455 465 600 526 moenium
626 463 705 526 irrita
731 463 893 539 herebant,
924 477 954 526 et
985 463 1115 548 desuper

116 551 198 614 saxis
207 551 449 625 vulnerabantur,
459 549 591 612 clamore
607 564 695 634 atque
710 549 824 632 impetu
840 549 977 612 invasere
994 551 1116 628 vallum,

116 637 262 720 appositis
275 637 409 721 plerique
423 635 521 711 scalis,
538 635 585 697 alii
600 657 654 719 per
669 635 849 698 testudinem
865 657 1005 698 suorum:
1029 657 1117 699 scan-

115 723 289 808 debantque
310 722 374 808 jam
398 721 531 806 quidam,
546 721 627 796 cum,
644 721 750 802 gladiis
772 737 802 785 et
820 742 969 784 armorum
993 722 1115 786 incussu

115 809 303 894 precipitati,
319 808 441 872 sudibus
456 822 488 870 et
510 808 576 891 pilis
596 807 770 884 obruuntur,
788 807 963 888 praeleroces
978 809 1061 871 initio
1084 823 1116 873 et

115 895 208 958 rebus
223 895 363 958 secundis
378 894 471 958 nimii.
518 893 581 956 Sed
605 907 668 956 tum
692 894 798 976 praedae
822 895 964 976 cupidine
987 896 1116 960 adversa

117 1003 239 1066 quoque
257 981 434 1045 tolerabant.
481 979 642 1043 Machinas
663 980 766 1056 etiam,
782 981 933 1044 insolitum
949 981 1014 1058 sibi,
1031 983 1114 1046 ausi:

116 1088 175 1130 nec
190 1068 250 1130 ulla
264 1069 335 1151 ipsis
346 1067 485 1131 solertia:
510 1065 641 1151 perlege
653 1067 823 1151 captivique
836 1067 985 1130 docebant
1001 1083 1116 1131 struere

116 1155 256 1218 materias
268 1177 295 1216 m
312 1153 434 1216 modum
451 1155 559 1236 pontis,
576 1175 649 1216 mox
671 1152 815 1238 subjectis
830 1154 900 1217 rotis
924 1155 1113 1237 propellere:
1179 1167 1181 1172 '
1230 1193 1231 1202 κ

116 1254 150 1304 ut
165 1241 213 1304 alii
228 1255 441 1325 superstantes,
457 1254 600 1324 tanquam
610 1261 651 1302 ex
667 1260 787 1322 aggere,
801 1241 1020 1323 preliarentur3
1045 1262 1114 1324 pars

117 1327 196 1390 intus
210 1327 322 1392 occulti
338 1347 439 1390 muros
455 1326 642 1390 subruerent.
689 1325 752 1388 Sed
770 1347 899 1390 excussa
914 1326 1025 1390 balistis
1042 1349 1116 1390 saxa

117 1413 248 1478 stravere
265 1412 389 1476 inmrme
405 1433 501 1496 opus:
526 1428 556 1476 et
578 1428 676 1476 crates
692 1413 855 1496 vineasque
879 1413 1048 1496 parantibus
1064 1415 1117 1476 ad-

116 1515 189 1564 actae
205 1499 359 1564 tormentis
374 1499 513 1561 ardentes
537 1499 649 1561 hastae:
675 1497 811 1581 ultrbque
827 1499 882 1582 ipsi
898 1515 1117 1582 oppugnatores

116 1587 234 1670 ignibus
250 1586 448 1670 petebantur;
471 1585 580 1660 donec,
604 1583 767 1666 desperatis
783 1585 822 1659 vi,
843 1599 995 1647 verterent
1015 1585 1116 1647 consi·

11 1671 13 1754 ζ
117 1673 190 1735 llum
205 1673 243 1734 ad
267 1692 375 1746 moras,
392 1671 471 1732 baud
495 1671 588 1748 ignari
613 1691 778 1753 paucorum
802 1670 918 1732 dierum
942 1670 1040 1732 inesse
1064 1671 1117 1734 ali·

117 1771 221 1822 menta
236 1773 266 1820 et
282 1757 405 1820 multum
422 1756 548 1818 imbellis
558 1757 661 1819 turbae.
706 1755 802 1818 Simul
818 1777 858 1818 ex
875 1755 977 1838 inopia
990 1756 1118 1839 proditio

117 1859 150 1908 et
166 1843 248 1906 lluxa
264 1843 451 1906 servitiorum
463 1842 538 1904 fides
554 1863 589 1912 ao
606 1841 723 1905 fortuita
739 1841 808 1904 belli
824 1842 1031 1925 sperabantur.

163 1927 290 1992 XXlV.
315 1927 445 1991 Flaccus
468 1929 596 2004 interim,
613 1929 733 2012 cognito
758 1945 921 1991 castrorum
943 1928 1069 2004 obsidio,
1086 1945 1117 1994 et

116 2016 215 2080 missis
231 2036 286 2097 per
301 2014 426 2091 Gallias,
442 2015 490 2099 qui
508 2015 617 2078 auxilia
632 2015 796 2091 concirent,
809 2014 932 2078 lectose
948 2014 1115 2098 legionibus

116 2103 211 2166 Dillio
225 2100 360 2178 Voculae,
388 2101 638 2164 duodevicesima
661 2101 785 2181 legionis
812 2099 940 2183 Legato,
967 2101 1056 2164 tradit
1084 2117 1116 2166 ut

138 2189 207 2251 ulam
231 2188 370 2250 maximis
387 2209 440 2272 per
454 2187 549 2270 ripam
571 2187 724 2250 itineribus
743 2187 900 2249 celeraret.
946 2185 1015 2272 lpse
1032 2189 1117 2270 pavi·

116 2211 184 2352 dus,
200 2274 346 2337 invalidus
368 2294 506 2356 corpore,
531 2273 643 2336 invisus
659 2273 817 2336 militibus:
842 2273 1035 2358 nequeenim
1053 2295 1116 2338 am·

117 2361 207 2445 bigu'e
234 2359 411 2435 fremebant,
436 2359 576 2421 ‘emissas
600 2379 617 2421 a
644 2357 836 2440 Magontiaco
860 2359 1044 2422 Batavorum
1061 2381 1115 2423 co·

117 2449 229 2524 hortos,
254 2447 452 2510 dissimulatos
482 2444 588 2508 Civilis
617 2461 753 2522 conatus,
779 2447 864 2508 asciri
888 2446 917 2508 in
941 2447 1115 2510 societatem

116 2533 307 2598 Germanos:
330 2554 389 2594 non
405 2531 500 2594 Primi
516 2532 649 2607 Antonii,
673 2553 772 2616 neque
795 2531 939 2608 Muciani,
961 2555 1021 2617 ope
1036 2532 1115 2596 Ves-

116 2622 271 2706 pasianum
299 2616 393 2699 magis
419 2618 605 2681 adolevisse:
628 2635 728 2702 aperta
755 2619 823 2681 odia
850 2639 992 2702 armaque
1013 2619 1113 2703 palalm

116 2707 245 2791 depelli:
270 2703 406 2768 fraudem
437 2718 467 2767 et
497 2704 598 2768 dolum
624 2705 761 2781 obscura,
792 2705 890 2788 abque
921 2705 1114 2768 inevitabilia.

118 2792 249 2857 Civilem
265 2806 342 2855 stare
356 2790 473 2866 contra,
495 2805 610 2853 struere
625 2791 740 2854 aciem:
768 2789 974 2853 Hordeonium
997 2811 1015 2852 e
1031 2791 1116 2854 cubi·

116 2881 187 2944 culo
202 2895 232 2942 ct
247 2878 357 2942 lectulo
368 2876 487 2962 jubere,
511 2878 650 2961 quicquid
676 2878 752 2940 hosti
774 2877 937 2940 conducat.
981 2875 1045 2939 Tot
1067 2899 1114 2940 ar·

117 2983 212 3030 maras
228 2964 450 3028 fortissimorum
473 2964 602 3026 virorum
619 2985 724 3026 manus
745 2963 831 3026 unius
847 2963 926 3025 senis
943 2962 1115 3028 valetudine

90 3122 94 3126 ,
117 3054 192 3136 regi.
206 3083 221 3110 e
237 3049 320 3125 Quin
339 3049 445 3133 potiirs,
460 3048 616 3112 interiecto
632 3051 782 3125 traditore,
799 3047 947 3110 loctunam
962 3048 1117 3111 virtutem·

117 3161 178 3225 qua
193 3159 279 3202 suam
293 3137 374 3199 malo
389 3137 489 3198 omine
513 3135 726 3199 exsolverent!
774 3134 830 3197 His
846 3135 923 3196 inter
938 3155 970 3198 se
992 3135 1116 3200 vocibus

117 3226 272 3290 instinctos
293 3221 485 3287 flarnmavbre
510 3223 629 3306 insuper
651 3223 744 3285 allatae
767 3243 784 3284 a
804 3219 991 3306 Vespasiano
1014 3221 1115 3300 literae,

117 3335 193 3398 quas
208 3310 350 3385 Flaccus,
367 3311 435 3393 quia
450 3309 593 3372 occultari
617 3309 788 3393 nequibant,
805 3329 858 3392 pro
880 3310 1025 3371 concione
1041 3311 1117 3372 reci·
1214 3330 1231 3336 '¹

117 3400 210 3464 tavit:
236 3397 421 3480 vinctosque,
438 3396 486 3480 qui
503 3395 669 3471 attulerant,
682 3396 719 3457 ad
738 3393 892 3456 Vitellium
910 3396 998 3458 misit.

162 3481 274 3548 XXV.
299 3482 350 3546 Sic
374 3483 514 3564 mitigatis
536 3483 651 3557 animis,
679 3481 829 3557 Bonnam,
855 3482 989 3564 hyberna
1014 3483 1114 3565 primae

118 3572 256 3656 legionis,
278 3584 413 3633 ventum.
460 3567 604 3631 lulensior
630 3569 688 3630 illic
716 3569 810 3644 miles,
827 3569 947 3654 culpam
971 3567 1065 3632 cladis
1085 3571 1114 3631 in

120 3657 327 3722 Hordeonium
345 3655 501 3718 vertebat:
524 3654 610 3738 ‘ejus
620 3654 706 3738 jussu
730 3655 872 3718 directam
896 3654 1037 3716 adversus
1053 3653 1115 3716 Ba·

119 3762 204 3810 tavos
220 3743 329 3820 aciem,
346 3757 487 3827 tanquam
504 3764 521 3804 a
537 3740 731 3821 lllagontiaco
746 3741 880 3824 legiones
895 3754 1114 3825 sequerentur:

597 3831 636 3891 13
