2508 4254
157 253 202 318 98
497 251 537 318 C.
562 251 671 338 Coma
694 249 820 318 Taerrt
953 255 1008 340 [Α.
1024 253 1068 319 U.
1083 255 1160 322 922.

156 413 310 480 Flavianis
326 437 446 501 quoque
462 417 595 501 partibus
610 417 695 495 viles,
712 417 853 482 militibus
868 417 939 504 quid
949 415 1098 498 dicturos,
1113 441 1161 483 re·

157 504 351 589 poscentibus
365 519 416 566 aut
428 525 581 588 prospera,
591 520 647 569 ant
662 505 788 568 advorsa
799 503 822 567 i’

200 583 289 653 XlV.
314 587 390 652 Haeo
405 591 522 674 singuli,
545 592 609 654 bne
624 591 764 668 universi,
790 607 821 656 ut
837 613 989 677 quemque
1004 592 1091 656 dolor
1104 593 1160 655 im·

178 677 283 753 aleret,
300 675 506 754 vociferantes,
534 678 617 741 initio
631 699 648 740 a
665 677 768 762 quinti
782 678 901 761 legione
922 693 999 756 orto,
1023 679 1160 762 repositis

155 699 268 826 Vitellii
283 763 471 845 imaginibus,
495 764 592 827 vincla
616 763 746 828 Caecinae
772 763 926 850 injiciunt:
952 765 1082 828 Fabium
1099 765 1161 830 Fa-

155 850 282 928 bullum,
313 850 422 934 quinte
448 850 572 934 legionis
594 849 756 936 legatum,
783 867 813 916 et
837 847 980 916 Cassiam
1007 851 1160 934 Longum,

156 936 339 1001 Praelactum
356 953 531 1014 castmrum,
547 937 655 1002 Duces
670 938 824 1022 deligunt:
849 938 925 1002 sorte
940 939 1056 1003 oblatos
1071 940 1159 1003 trium

156 1021 386 1086 Liburnicarum
399 1024 518 1100 milites,
529 1025 649 1108 ignaros
662 1040 692 1088 et
707 1025 848 1101 insontes,
859 1027 1026 1090 trucidant:
1051 1026 1162 1090 relictis

156 1110 272 1186 castris,
295 1110 424 1193 abrupto
439 1126 540 1193 ponte,
558 1109 716 1175 Hostiliam
739 1133 850 1188 rursus,
876 1111 946 1174 inde
972 1111 1159 1176 Cremonam

155 1211 293 1281 pergunt,
318 1214 349 1260 ut
364 1197 540 1280 legionibus,
557 1197 659 1282 primae
675 1197 784 1262 Italiac
800 1213 830 1262 et
845 1199 1079 1263 unietvicesimae
1096 1199 1160 1262 Ra·

157 1283 236 1366 paci,
246 1281 446 1367 jungerentur
461 1304 536 1368 quas
551 1281 685 1362 Cecina,
697 1285 735 1348 ad
751 1285 945 1349 obtinendam
961 1285 1161 1364 Cremonam,

155 1390 226 1432 cum
242 1386 325 1454 parte
341 1371 475 1454 equitum
491 1371 685 1456 premiserat.

199 1455 277 1520 XV.
300 1453 363 1519 Ubi
378 1457 442 1520 hac
457 1471 614 1544 comperta
629 1459 771 1534 Antonio,
787 1457 1075 1536 discordes—animis,
1099 1459 1162 1524 dis-

155 1559 254 1608 cretos
276 1543 386 1606 viribus
402 1544 529 1608 hostium
546 1545 699 1609 exercitus
723 1545 845 1628 aggredi
869 1547 980 1622 statuit,
997 1561 1160 1631 antequam

154 1629 294 1696 Ducibus
309 1631 476 1707 auctoritas,
504 1629 585 1694 militi
608 1631 786 1715 obsequium
811 1647 840 1696 et
855 1631 968 1716 junctis
991 1633 1160 1714 legionibus

154 1717 266 1781 fiducia
289 1717 418 1781 rediret:
441 1737 571 1803 namque
588 1716 718 1781 Fabium
731 1715 904 1794 Valentem,
930 1717 1099 1802 profectum
1122 1720 1161 1782 ab

153 1805 239 1882 urbe,
256 1804 554 1888 acceleraturumque
569 1803 690 1888 cogniti:
701 1803 832 1868 Caeciaaa
848 1805 1026 1887 proditione,
1036 1806 1161 1892 conjec-

99 1901 101 1909 '
153 1890 254 1954 tabat:
277 1904 308 1953 et
325 1889 401 1952 lidus
417 1888 538 1954 Vitellio
551 1885 675 1966 Fabius,
691 1912 748 1953 nec
765 1891 872 1954 militiae
885 1891 1014 1973 ignarus.
1062 1893 1161 1955 Simul

153 1977 260 2058 ingens
275 1975 498 2040 Germanorum
521 1977 566 2041 vis
592 1997 646 2061 per
668 1975 818 2040 Rhatiam
841 1977 1019 2042 timebatur:
1044 1995 1075 2042 et
1090 1977 1161 2042 Bri·

153 2061 264 2139 tannia,
277 2061 437 2146 Gallitique
452 2078 482 2126 et
495 2061 652 2146 Hispaniis,
664 2065 773 2126 auxilia
782 2062 920 2126 Vitellius
932 2065 1091 2141 acciverat,
1105 2065 1161 2128 irn-
1234 2071 1235 2074 ’

152 2167 289 2214 mensam
305 2149 375 2212 belli
390 2149 482 2226 luem,
494 2150 522 2211 ni
535 2151 693 2226 Antonius,
706 2151 734 2212 id
749 2151 845 2233 ipsum
863 2166 1009 2227 metuens,
1023 2152 1161 2216 festinato

152 2237 254 2322 praelio
268 2235 423 2300 victoriam
441 2237 641 2320 precepisset.
687 2234 838 2300 Universa
860 2257 930 2300 cum
947 2239 1096 2315 exercitu,
1114 2261 1162 2302 se-

152 2323 263 2388 cundis
285 2343 302 2384 a
325 2319 451 2385 Veronti
473 2323 587 2398 castris,
613 2322 799 2386 Bedriacum
825 2324 926 2387 venit:
954 2339 1076 2408 postero
1099 2325 1160 2402 die,

153 2409 320 2494 legionibus
346 2408 384 2472 ad
410 2409 608 2472 muniendum
631 2410 764 2486 retentis,
791 2407 951 2473 auxiliares
973 2411 1116 2474 cohortes
1133 2413 1162 2474 in

153 2495 395 2562 Cremonensem
419 2515 523 2574 agrum
540 2497 647 2572 missae,
664 2495 826 2580 ut„s'pecie
842 2498 1041 2579 parandarum
1057 2499 1163 2582 copia·
1234 2565 1235 2568 Ἴ

153 2605 230 2658 tum,
257 2583 334 2645 civili
350 2580 453 2667 praedia
474 2581 560 2646 miles
586 2583 782 2645 imbueretur.
828 2581 910 2667 lpse,
933 2605 1003 2646 cum
1032 2599 1163 2668 quatuor
1234 2587 1235 2592 ’

152 2670 283 2734 millibus
297 2670 442 2754 equitum,
469 2670 507 2732 ad
530 2685 670 2734 octauum
686 2691 704 2732 a
720 2668 873 2734 Bedriaco
889 2691 1074 2754 progressus,
1100 2671 1163 2755 qui)

152 2753 291 2820 licentiirs
307 2757 538 2840 popularentur:
562 2756 770 2840 exploratores
796 2755 844 2836 (ut
869 2777 935 2820 mos
960 2755 1019 2842 est)
1044 2757 1164 2842 longius

154 2844 311 2908 curabant.
795 2843 798 2848 '

194 2929 284 2993 XVI.
308 2929 422 3004 Quinta
438 2929 533 2992 lerme
546 2929 619 2992 hora
629 2929 689 2991 diei
702 2944 775 3006 erat,
785 2928 856 2992 edm
872 2929 950 2994 citus
965 2949 1070 3014 eques,
1088 2930 1166 2993 ‘ad-

150 3035 273 3082 ventare
290 3017 400 3094 hostes,
425 3017 571 3102 progredi
588 3035 711 3101 paucos,
735 3031 851 3078 motum
870 3015 1085 3100 fremitumque
1100 3017 1163 3080 tato
1234 3091 1235 3094 Ἴ

152 3103 267 3180 audiri,’
292 3104 446 3168 nuntiavit.
493 3103 577 3166 Dum
603 3102 763 3179 Antonius,
792 3102 957 3186 ‘quidnam
985 3102 1162 3186 agendum,'

151 3192 310 3268 consultat,
323 3189 463 3254 aviditate
475 3189 619 3252 navandae
630 3209 730 3273 opera
742 3189 848 3251 Arrius
859 3186 959 3250 Varus
975 3211 1045 3251 cum
1059 3207 1165 3273 prom-

151 3279 270 3342 tissimis
300 3277 435 3362 equitnm
464 3277 607 3360 prorupit,
638 3276 815 3360 impulitque
830 3273 1017 3352 Vitellianos,
1041 3274 1165 3338 modici

151 3364 253 3428 cede:
277 3385 358 3439 nam,
386 3363 513 3446 plurium
539 3383 666 3426 accursu
684 3383 771 3426 versa
796 3361 923 3438 fortuna,
949 3377 979 3424 ct
995 3362 1165 3424 acerrimus
1234 3363 1235 3420 l

152 3452 278 3536 quisque
293 3449 482 3534 sequentium
500 3447 577 3532 luga
592 3445 715 3513 ultimus
737 3463 822 3514 erat:
852 3467 909 3512 nec
936 3463 1045 3532 sponte
1061 3448 1165 3512 Anto-

152 3539 192 3600 nii
208 3551 409 3620 properatum,
426 3551 456 3600 et
472 3535 545 3612 sore,
559 3558 624 3622 qua
639 3535 824 3612 acciderant,
836 3535 968 3598 rebatur.
1016 3533 1166 3622 Hortatur

152 3645 233 3696 suns,
260 3629 312 3684 ‘ut
327 3641 436 3704 magno
459 3623 559 3685 animo
581 3638 777 3705 capesserent
792 3621 947 3705 pugnam,'
974 3620 1104 3684 diductis
1132 3622 1163 3682 in

151 3709 244 3770 latera
261 3707 375 3782 turmis,
386 3711 523 3770 vacuum
531 3707 635 3770 medio
646 3708 786 3791 relinquit
797 3709 863 3784 iter,
876 3727 936 3791 quo
945 3706 1062 3769 Varum
1076 3707 1165 3790 equi·
1234 3723 1235 3786 t

151 3811 257 3877 resque
280 3793 347 3879 ejus
365 3794 536 3878 reciperet:
556 3789 649 3877 jasan
674 3793 783 3856 armari
809 3794 961 3877 legiones:
986 3793 1090 3857 datum
1106 3812 1166 3878 per
1234 3845 1235 3894 ἐ
