2556 4446
403 369 448 415 ou
472 346 900 416 ottrannus-..Damouras
1089 352 1152 416 att
1224 339 1228 350 ⁴

158 511 297 580 Urbiniae
312 511 524 590 inscribuntur,
540 513 578 576 ab
594 513 660 598 ipso
674 526 776 578 tamen
793 511 944 590 Pollione,
961 514 1067 578 mediis
1082 513 1156 582 Divi

152 603 284 686 Augusti
313 599 509 683 temporibus,
536 600 656 676 habita,
684 615 843 685 postquam
869 599 960 680 longa
984 615 1155 683 temporum

152 691 238 774 quius
248 703 278 752 et
289 688 464 751 continuum·
475 687 577 770 populi
589 688 683 750 otium
694 701 725 749 et
738 685 856 750 assidua
869 684 999 748 Senattis
1011 689 1159 770 tranquil--
1252 727 1253 732 κ

153 776 220 842 litus
230 789 261 840 et
276 773 401 836 maximi
423 771 572 856 Principis
588 773 742 857 disciplina
757 774 854 856 ipsam
877 777 998 863 quoque
1010 773 1156 858 eloquen·
1252 825 1253 832 ,

153 863 237 936 tiam,
250 861 326 922 sicut
342 859 442 924 omnis
458 859 526 936 alia,
544 861 726 942 pacaverat?
800 875 803 880 '

197 943 356 1012 XXXIX.
381 945 513 1008 Parrum
530 960 561 1008 et
577 945 735 1008 ridiculum
752 943 876 1010 sortasse
892 946 1051 1024 videbitur,
1074 946 1156 1031 quod

155 1035 289 1100 dicturus
304 1054 386 1108 sum,
398 1034 497 1104 dicam
513 1045 625 1108 tamen,
641 1032 689 1094 vel
706 1032 775 1094 ideo
799 1047 831 1094 ut
858 1032 1001 1098 rideatur.
1047 1031 1157 1108 Quan-
1252 1043 1253 1052 ’

154 1136 219 1186 tum
236 1118 409 1184 humilitatis
425 1133 563 1202 putamus
579 1117 758 1201 eloquentia
779 1118 911 1182 attulisse
926 1119 1058 1204 paenulas
1074 1122 1155 1197 istas,

156 1206 263 1293 quibus
289 1205 400 1269 astricti
426 1219 456 1268 ct
479 1204 561 1266 velut
576 1204 683 1266 inclusi
706 1225 776 1266 cum
798 1204 951 1289 judicibus
967 1205 1156 1270 fabulamur?

156 1307 300 1379 quantum
326 1291 431 1354 virium
456 1290 621 1354 detraxisse
645 1290 769 1354 orationi
796 1291 941 1354 auditoria
963 1305 996 1356 et
1013 1294 1157 1358 tabularia

155 1381 315 1456 oredimus,
331 1377 360 1440 in
377 1377 484 1463 quibus
496 1376 560 1462 jam
577 1376 639 1440 lerb
662 1377 797 1461 plurime
824 1397 921 1441 causa
944 1379 1156 1464 explicantur?

155 1459 248 1544 Nam,
258 1465 413 1550 'quomodo
429 1465 544 1528 nobiles
560 1485 653 1550 equos
668 1483 772 1527 cursus
787 1476 818 1525 et
833 1465 928 1548 spatia
945 1467 1090 1548 probant3
1114 1469 1157 1532 sic

149 1567 202 1621 cst
217 1544 322 1639 aliquis
344 1563 495 1616 oratorum
509 1573 645 1636 canopus,
669 1572 723 1632 pet
745 1571 834 1633 quem
851 1551 906 1612 nisi
923 1552 1006 1614 liberi
1022 1567 1052 1614 et
1067 1553 1156 1616 soluti

155 1639 297 1716 serantur,
322 1639 493 1702 debilitatur
515 1658 550 1699 ac
577 1635 718 1717 frangitur
733 1637 914 1721 eloquentia.
960 1636 1060 1720 Ipsam
1084 1639 1155 1724 quin

155 1727 249 1790 immo
263 1746 378 1800 curam,
401 1737 432 1785 et
457 1722 605 1803 diligentis
620 1723 689 1805 styli
705 1723 890 1794 anxietatem
907 1725 1085 1786 contrariam
1101 1747 1157 1788 ex-

156 1812 306 1896 perimur:
331 1809 400 1892 quia
415 1807 494 1892 sapie
511 1809 670 1890 interrogat
680 1807 790 1894 judex,
806 1809 945 1894 ‘quando
960 1805 1104 1894 incipias,'
1125 1824 1157 1874 et

156 1919 197 1960 ex
212 1895 443 1978 interrogatione
459 1894 524 1980 ejus
535 1895 736 1979 incipiendum
753 1909 809 1957 est.
848 1895 1038 1980 Frequenter.
1049 1897 1157 1981 proba·

156 1984 285 2050 tionibus
311 1995 342 2043 et
368 1981 492 2044 testibus
507 1981 659 2047 silentium
683 1982 814 2065 patronis
830 1982 956 2045 indicit:
987 1995 1063 2048 unus
1078 1985 1156 2048 inter

156 2071 221 2134 haec
234 2067 344 2132 dicenti
361 2088 396 2130 ac
412 2067 485 2131 alter
500 2068 616 2146 assistit,
629 2081 658 2132 et
671 2090 718 2131 res
732 2068 853 2132 velutin
869 2069 1030 2135 solitudine
1047 2072 1153 2156 agitur.

157 2157 278 2222 Oratori
294 2169 393 2230 autem
405 2154 537 2218 clamore
554 2155 720 2241 plausuque
732 2177 808 2239 opus
820 2169 876 2232 est,
888 2171 918 2220 et
930 2157 1009 2222 uelut
1025 2159 1155 2243 quodam

157 2245 294 2316 tlreatr03
325 2241 424 2326 qualia
439 2242 576 2326 quotidie·
598 2243 725 2327 antiquis
747 2242 912 2305 oratoribus
934 2244 1156 2326 contingebant,

156 2329 226 2394 otim
241 2343 286 2394 tot
308 2328 417 2412 pariter
432 2349 467 2390 ac
484 2341 544 2392 tam
561 2328 786 2414 nobileslosrum
803 2344 999 2406 coarctarent,
1017 2335 1087 2393 cum
1102 2332 1157 2394 cli·

157 2417 264 2481 entelae
280 2435 400 2499 quoquc
415 2429 446 2477 et
461 2416 554 2477 tribus
566 2429 597 2477 et
612 2415 841 2497 municipiorum
857 2415 1024 2496 legationes
1039 2438 1074 2480 ac
1090 2439 1157 2502 par·

156 2519 202 2568 tes
217 2503 313 2574 ltalia,
324 2500 556 2586 periclitantibus
572 2501 760 2564 assisterent:
784 2501 852 2564 ciam
869 2508 897 2564 in
915 2502 1064 2587 plerisque
1075 2503 1157 2588 judi·

157 2591 211 2654 ciis
226 2589 365 2653 crederet
380 2587 517 2672 Populus
532 2585 691 2650 Romanus
711 2585 768 2650 suti
783 2587 938 2666 interesse,
957 2591 1025 2674 quid
1039 2589 1156 2676 judica·

157 2690 249 2742 retur.
297 2672 377 2740 Satis
393 2689 526 2750 constat,
543 2673 583 2737 C.
600 2673 777 2739 Cornelium
795 2690 825 2738 et
841 2674 889 2738 M.
907 2676 1054 2740 Scaurum
1070 2692 1101 2740 et
1113 2676 1155 2740 T.

157 2763 305 2829 Milonem
332 2776 364 2824 et
385 2761 425 2824 L.
444 2761 582 2824 Bestiam
606 2759 698 2824 erP.
715 2759 868 2825 Vatinium
895 2785 1044 2827 concursu
1067 2765 1156 2828 tutius

157 2849 287 2914 civitatis
313 2862 343 2910 et
363 2863 519 2910 accusatos
534 2861 564 2908 et
588 2845 748 2922 desens0s;
771 2862 804 2909 ut
820 2847 1021 2930 frigidissimos
1036 2872 1157 2936 quoque

157 2950 289 3000 oratores
315 2934 380 3016 ipsa
394 2933 535 2996 certantis
552 2933 652 3016 populi
675 2933 773 3011 studia
789 2935 922 2998 excitare
941 2950 971 2999 et
996 2937 1156 3007 incendere

157 3021 317 3107 potuerint.
363 3017 480 3102 ltaque,
498 3017 642 3096 Hercule,
664 3017 811 3103 ejusmodi
828 3020 891 3083 libri
908 3035 1024 3098 extant,
1048 3037 1080 3086 ut
1099 3024 1156 3106 ipsi

158 3127 290 3193 quoque,
317 3105 367 3190 qui
391 3120 528 3188 egerunt,
552 3127 611 3171 nou
639 3106 702 3170 aliis
728 3103 824 3187 magis
846 3107 1027 3172 orationibus
1050 3130 1157 3174 cense-

157 3209 255 3260 antur.
443 3210 445 3213 ’
754 3261 755 3264 ,

201 3279 274 3344 XL.
298 3277 368 3341 Jam
385 3278 458 3352 vead
472 3279 633 3342 conciones
645 3280 770 3344 assiduae
786 3293 817 3344 et
833 3280 934 3344 datum
947 3280 997 3366 jus
1012 3282 1156 3366 potentis·
1252 3359 1253 3370 χ

156 3368 266 3431 simum
283 3387 434 3450 quemque
457 3367 588 3428 vexandi
612 3382 702 3451 atque
725 3368 791 3448 ipsa
814 3367 1031 3430 inimicitiarum
1052 3368 1155 3450 gloria,

157 3454 228 3518 crim
254 3473 287 3517 se
310 3452 429 3536 plurimi
445 3451 623 3515 disertorum
639 3476 678 3516 ne
702 3475 719 3516 a
735 3453 773 3517 P.
791 3454 911 3538 quidem
929 3453 1081 3538 Scipione,
1106 3472 1157 3524 aut

158 3540 257 3624 Sylla,
283 3554 335 3602 aut
358 3537 418 3602 Cn·
440 3537 601 3622 Pompeio,
625 3540 816 3618 abstinerent,
843 3555 874 3603 et
900 3541 938 3603 ad
964 3541 1158 3612 incessendos

158 3627 309 3711 principes
325 3626 415 3701 viros,
431 3639 524 3688 otest
540 3642 643 3690 natura
659 3627 787 3703 invidie,
809 3627 908 3710 populi
925 3649 1045 3713 quoque
1061 3631 1159 3696 arrecss

157 3713 281 3776 tioribus
297 3712 416 3777 auribus
432 3726 598 3789 uterentur,
615 3729 759 3798 quantum
775 3715 913 3778 ardorem
928 3716 1064 3798 ingeniis,
1086 3740 1159 3802 quas

157 3799 324 3863 oratoribus
340 3796 422 3861 laces
438 3799 662 3864 admovebant?
708 3801 778 3864 Non
795 3801 833 3864 de
849 3800 945 3866 otiosi
959 3817 990 3866 et
1006 3803 1108 3888 quieti
1127 3825 1159 3868 rs

154 3887 318 3976 loquimur,
345 3901 376 3950 et
398 3907 464 3972 que
481 3888 629 3972 probitate
645 3901 676 3958 et
692 3885 840 3953 modestii
861 3889 1012 3982 gaudeat:
1036 3890 1090 3954 sed
1112 3905 1159 3962 est
