2556 4446
152 429 218 494 262
257 427 296 493 C.
320 426 430 493 Coeu.
453 426 578 494 Trcrnr
601 449 647 494 nr
670 427 888 496 Orurosrsus
910 427 1096 493 Drsnoeus.

152 609 210 672 tur,
238 595 287 658 vel
311 593 494 680 displiceret.
539 594 586 658 Ita
611 615 670 674 nec
694 608 866 680 preceptor·
885 595 999 672 deerat,
1022 595 1155 678 optimus

155 681 278 765 quidem
293 696 324 746 et
338 681 545 757 electissimus,
570 681 620 765 qui
644 679 751 746 faciem
762 681 956 766 eloquentiae,
977 703 1036 747 non
1052 681 1158 764 imagi·

154 787 226 830 nem
243 782 410 853 praestaret:
435 789 493 830 nec
506 768 665 830 adversarii
681 781 712 831 et
727 767 827 831 emuli
842 767 931 846 serro,
946 789 1006 831 nou
1021 768 1157 843 rudibus,

154 853 352 917 dimicantes:
376 853 431 918 sed
447 854 625 917 auditorium
651 875 773 938 semper
799 854 935 938 plenum,
961 875 1081 938 semper
1101 874 1158 916 no·

156 961 240 1017 rum,
255 941 415 1025 exrinvidis
431 956 463 1004 et
479 939 657 1018 lavenubus,
673 956 706 1004 ut
718 961 776 1030 nec
792 939 870 1004 bene
887 941 968 1004 dicte
990 941 1159 1004 dissimula·

153 1043 267 1090 rentur.
290 1031 294 1040 ’
313 1027 404 1091 Scitis
415 1028 507 1104 enirn,
523 1049 662 1109 magnam
678 1027 758 1090 illam
775 1041 806 1090 et
822 1027 995 1090 duraturam
1011 1027 1157 1111 eloquea-

155 1113 203 1177 tie
219 1112 329 1176 lamam
352 1135 412 1178 nou
436 1114 533 1177 minias
556 1115 736 1186 intdive'rsis
761 1114 908 1176 subselliis
934 1114 1042 1196 parari,
1066 1113 1157 1198 quitrn

154 1199 239 1262 suis:
262 1201 331 1284 quin
359 1201 452 1266 immo
467 1199 653 1268 constantius
666 1222 789 1284 surgere
811 1201 862 1277 ibi,
885 1199 1002 1263 fidelius
1016 1200 1160 1264 corrobo·

156 1286 226 1349 rari.
265 1288 367 1372 Atque
385 1286 519 1350 Hercule
541 1289 598 1350 sub
621 1286 769 1372 ejusmodi
792 1287 1025 1372 preceptoribus
1036 1285 1159 1371 juvenis

156 1372 218 1449 ille,
234 1373 273 1435 de
286 1395 346 1456 quo
361 1373 522 1456 loquimur,
533 1388 684 1436 oratorum
701 1373 875 1456 discipulus,
886 1373 940 1436 lori
956 1374 1161 1450 auditor,sec·

155 1472 234 1520 tutor
244 1457 437 1541 judiciorum,
453 1458 586 1518 eruditus
602 1472 633 1519 et
648 1458 831 1521 assuefactus
847 1459 951 1522 alienis
966 1463 1162 1544 experimen·

152 1543 201 1619 tis,
225 1543 284 1619 cui,
309 1540 441 1626 quotidie
458 1542 600 1618 audienti,
624 1555 702 1606 uotae
725 1543 819 1623 leges,
843 1565 903 1604 non
927 1545 997 1607 novi
1019 1544 1160 1630 judicum

154 1629 266 1706 vultus,
282 1627 422 1713 frequens
434 1629 463 1709 in
479 1627 573 1692 oculis
587 1623 776 1692 consuetudo
790 1629 982 1704 concionum,
993 1630 1075 1710 saepe
1086 1653 1163 1714 cog·

155 1715 225 1779 nite
248 1717 352 1800 populi
367 1735 464 1792 aures,
490 1715 554 1778 sive
570 1717 790 1779 accusationem
805 1729 991 1798 susceperat,
1017 1717 1082 1778 sive
1107 1717 1164 1780 de·

156 1801 335 1880 sensionem,
350 1802 432 1866 solus
446 1802 545 1865 statim
561 1818 592 1866 et
607 1823 684 1864 unus
703 1801 884 1886 cuicumque
899 1822 997 1864 cause
1014 1823 1068 1886 par
1082 1818 1160 1867 erat.

156 1887 370 1953 Nonodecimo
384 1889 478 1952 aetatis
493 1910 572 1954 anuo
587 1887 627 1952 L.
643 1887 770 1952 Crassus
785 1887 826 1952 C.
842 1885 1028 1966 Carbonem,
1053 1911 1112 1952 uno
1127 1904 1161 1954 et

157 1975 302 2039 vicesimo
317 1974 422 2040 Caesar
437 1975 641 2052 Dolabellam,
651 1975 744 2040 altero
756 1989 787 2039 et
796 1975 939 2039 vicesimo
953 1975 1075 2038 Asicius
1087 1975 1162 2040 Pol·

156 2061 198 2124 lio
213 2060 254 2125 C.
273 2062 436 2138 Catonern,
463 2085 522 2125 non
540 2061 635 2124 multi)
650 2076 736 2126 etate
760 2062 943 2126 antecedens
964 2061 1078 2124 Calvus
1095 2059 1160 2124 Va·

156 2147 261 2210 tioium
279 2149 313 2210 iis
324 2147 506 2210 orationibus
521 2148 650 2212 insecuti
664 2163 745 2227 sunt,
761 2169 839 2233 quas
850 2147 1001 2232 hodieque
1016 2170 1087 2212 curn
1108 2149 1161 2211 ad·

157 2232 313 2295 miratione
329 2233 467 2316 legimus.

202 2317 346 2382 XXXV.
370 2319 413 2384 At
431 2339 518 2382 ,nunc
543 2319 760 2389 adolescentuli
789 2320 882 2382 nostri
908 2319 1100 2384 deducuntur
1128 2320 1160 2384 in

157 2425 263 2469 scenas
280 2404 536 2482 scholasticorum,
558 2405 608 2490 qui
623 2403 756 2470 rhetores
777 2419 940 2470 vocantur:
971 2429 1046 2491 quos
1069 2406 1160 2490 peulb

156 2507 228 2558 eote
245 2491 403 2556 Ciceronis
419 2507 557 2574 tempora
572 2493 717 2570 extitisse,
744 2513 802 2556 nec
824 2493 972 2577 placuisse
997 2492 1161 2576 majoribus

158 2580 276 2656 nostris,
292 2601 333 2644 ex
348 2601 386 2643 eo
401 2577 592 2642 manifestum
609 2593 665 2656 est,
686 2578 766 2662 qubd
782 2579 823 2642 L.
839 2579 952 2643 Crasso
974 2595 1005 2644 et
1025 2575 1162 2646 Domitio

156 2665 355 2743 Censoribus,
373 2665 529 2728 ‘cludere'
554 2679 587 2727 ut
609 2665 649 2728 ait
672 2664 794 2742 Cicero,
818 2665 943 2728 ‘ludum
958 2666 1161 2751 impudentiae’

154 2749 230 2834 jussi
245 2763 326 2812 sunt.
361 2750 436 2826 Sed,
449 2763 482 2812 ut
497 2751 597 2814 dicere
610 2751 807 2828 institueram,
823 2751 1014 2820 deducuntur
1029 2754 1058 2816 iu
1072 2753 1163 2816 echo·

158 2837 214 2912 las,
237 2835 265 2899 in
291 2835 407 2918 quibus,
432 2857 491 2898 non
505 2834 595 2900 facile
612 2837 751 2916 dixerim,
766 2837 907 2902 utrumne
923 2837 1007 2902 locus
1023 2839 1100 2922 ipse,
1121 2860 1160 2902 au

158 2920 367 3004 condiscipuli,
376 2944 414 2986 an
431 2941 525 3004 genus
537 2925 702 2990 studiorum
719 2926 786 3009 plus
799 2926 869 2988 mali
885 2926 1010 3009 ingeniis
1022 2926 1159 2989 afferant.

159 3007 190 3072 N
193 3029 241 3071 arn
257 3009 286 3072 in
303 3009 370 3073 loco
386 3011 459 3074 nihil
475 3013 660 3089 reverentie,
672 3013 727 3076 sed
743 3014 772 3076 io
788 3034 879 3098 quem
895 3033 996 3090 nemo,
1006 3012 1061 3076 nisi
1077 3011 1162 3096 aequb

158 3095 312 3182 imperitus
328 3097 426 3162 intrat.
472 3095 507 3160 ln
523 3099 735 3181 condiscipulis
750 3099 823 3162 nihil
840 3098 1002 3183 prosecuis,
1018 3099 1089 3162 calm
1106 3121 1162 3184 pu-

150 3187 201 3252 ,eri
218 3185 296 3248 inter
318 3205 437 3267 pueros,
460 3199 491 3247 at
506 3185 722 3248 adulescentuli
738 3185 815 3248 inter
830 3186 1081 3263 adolescentulos,
1099 3185 1162 3270 pari

156 3272 318 3336 securitate
334 3286 365 3334 et
376 3271 477 3335 dicant
491 3287 522 3334 et
535 3272 704 3334 audiantur.
750 3271 826 3356 lpsae
840 3271 912 3334 verb
927 3273 1160 3338 exercitationes

159 3357 271 3439 magni
292 3379 334 3420 ex
349 3373 432 3442 parte
449 3359 614 3422 contrarie.
631 3382 634 3386 ·
660 3353 782 3442 Nempe
798 3359 878 3422 cuim
895 3359 955 3422 duo
970 3380 1082 3443 genera
1099 3381 1163 3422 ma·

158 3446 300 3508 teriarum
317 3445 398 3528 apud
418 3445 553 3507 rhetores
577 3459 748 3522 tractantur,
771 3446 910 3511 suasorie
934 3459 964 3510 et
990 3461 1163 3521 controuer·
1192 3443 1194 3448 ’

158 3531 220 3594 siae.
260 3531 319 3608 ,Ex
335 3533 369 3595 iis
385 3531 523 3594 suasorie
546 3531 680 3614 quidem,
708 3529 849 3618 tanquam
872 3531 961 3616 plania
986 3532 1114 3594 leviores
1131 3546 1163 3595 et

157 3618 258 3677 minus
274 3618 437 3698 prudentie
461 3619 628 3700 exigentes,
653 3619 751 3702 pueris
767 3620 943 3700 delegantur
951 3641 962 3696 ,·
988 3633 1163 3680 controver-

157 3700 207 3762 siae
230 3703 444 3766 robustioribus
465 3703 661 3782 assignantur,
689 3705 803 3788 quales,
827 3706 998 3788 perfidem,
1021 3719 1052 3766 et
1068 3703 1160 3789 quiam

158 3786 372 3850 incredibiliter
386 3791 581 3874 composite!
627 3790 770 3876 Sequitur
784 3809 895 3866 autem,
914 3808 947 3854 ut
964 3795 1093 3854 materie
1110 3791 1164 3853 ab·

157 3871 289 3934 horrenti
306 3892 323 3932 a
339 3874 462 3936 veritate
479 3877 658 3940 declamatio
674 3898 794 3960 quoque
816 3878 1004 3958 adhibeatur.
1051 3876 1101 3940 Sic
1117 3877 1162 3954 fir,

157 3972 192 4020 ut
214 3955 465 4044 tyrannicidarum
482 3963 615 4044 premia,
643 3977 694 4028 aur
722 3963 889 4045 vitiatarum
912 3965 1086 4048 electiones,
1109 3978 1163 4034 aut
