2560 4258
138 345 182 408 22
443 345 481 411 C.
498 345 604 412 Cone.
622 343 746 412 Tacrrr
926 341 982 430 [h.
998 343 1041 410 U.
1057 337 1134 410 822.

183 505 307 573 XLVI.
331 508 444 572 Omnia
466 509 575 572 deinde
599 511 719 574 arbitrio
733 509 861 573 militum
877 523 955 574 acta.
1000 509 1136 574 Praetorii

140 595 303 662 Praefectos
319 595 373 660 sibi
389 596 444 680 ipsi
460 595 580 678 legdere;
604 596 737 659 Plotium
753 595 902 672 Firmum,
914 617 932 660 e
945 597 1137 680 manipulari·

139 683 196 748 bus
206 683 367 768 quondam,
384 697 448 744 tum
461 682 597 764 vigilibus
613 685 814 767 praepositum,
830 697 870 758 et,
884 683 1025 745 incolumi
1038 683 1137 745 adhuc

140 768 250 847 Galat,
267 783 365 852 partes
376 767 507 831 Othonis
522 784 672 831 secutum.
719 768 902 853 Adjuugitur
915 769 1048 832 Licinius
1061 768 1137 832 Pro·

138 856 236 932 culus,
260 853 365 918 intimi
379 853 575 916 familiaritate
592 853 733 932 Othonis,
749 869 917 937 suspectus,
933 855 1056 918 consilia
1072 854 1137 917 e'us

140 940 261 1005 scrisse.
308 939 383 1004 Urbi
407 939 547 1004 Flavium
565 941 710 1003 Sabinum
727 940 898 1024 praefecere,
910 939 1057 1025 judicium
1071 877 1136 1003 tle-

140 1029 221 1092 ronis
243 1028 349 1105 secuti,
372 1027 427 1090 sub
443 1048 503 1111 quo
515 1027 642 1090 eandem
658 1049 761 1090 curam
777 1027 962 1090 obtinuerat:
987 1027 1136 1112 plerisque

143 1113 364 1200 Vespasianum
396 1112 516 1176 fratrem
547 1113 575 1175 in
599 1135 637 1175 eo
659 1113 895 1196 respicientibus.
942 1111 1137 1196 Flagitatum,

141 1206 192 1264 ‘ut
213 1202 394 1277 vacationes,
420 1198 549 1282 praestari
571 1197 806 1262 Centurionibus
821 1200 925 1274 solite,
946 1201 1135 1262 remitteren-

140 1287 209 1352 tur!
249 1285 390 1370 Namque
400 1286 551 1367 gregarius
564 1285 660 1362 miles,
670 1299 703 1347 ut
715 1287 857 1348 tributum
867 1307 1010 1361 annuum,
1022 1287 1136 1369 pende·

139 1374 202 1438 bat.
249 1371 366 1446 Quarta
390 1393 456 1456 pars
479 1371 621 1455 manipuli
644 1393 743 1455 sparsa
762 1393 814 1454 per
828 1387 1024 1448 commeatus,
1041 1387 1091 1435 aut
1106 1373 1136 1436 in

140 1461 211 1546 ipsis
232 1460 335 1522 castris
352 1479 437 1540 vaga,
461 1457 531 1520 dum
557 1457 728 1520 mercedem
752 1457 929 1520 Centurioni
944 1459 1135 1535 exsolveret3

140 1567 241 1631 neque
258 1546 380 1609 modum
396 1544 494 1606 oneris
510 1545 678 1628 quisquam,
692 1566 790 1628 neque
802 1567 896 1628 genus
906 1544 1035 1629 questtis
1051 1545 1136 1629 pensi

140 1633 289 1698 habebat:
321 1654 374 1716 per
389 1631 542 1694 latrocinia
558 1645 588 1694 et
599 1646 710 1716 raptus,
727 1646 777 1694 aut
788 1632 945 1694 servilibus
955 1632 1134 1710 ministeriis,

141 1720 269 1785 militare
284 1719 377 1782 otium
401 1718 597 1781 redimebant.
643 1716 726 1781 Tum
744 1718 994 1804 locupletissimus
1010 1720 1136 1803 quisque

141 1807 228 1872 miles
244 1805 345 1868 labore
364 1826 399 1868 ac
415 1803 528 1867 saevitib
543 1802 668 1886 fatigari,
684 1806 779 1869 donec
797 1807 983 1870 vacationem
1000 1819 1134 1868 emeret:

141 1893 203 1968 ubi,
218 1892 364 1954 sumtibus
379 1892 555 1968 exhaustus,
571 1890 708 1954 socordiai
722 1893 843 1977 insuper
854 1893 1038 1974 elanguerat,
1050 1893 1136 1977 inops

141 1999 196 2068 pro
218 1978 369 2063 locuplete
393 1993 424 2039 et
446 1978 524 2038 iners
540 1998 593 2059 pro
608 1991 740 2053 strenuo,
756 1979 785 2040 in
799 1980 982 2063 manipulum
999 1980 1134 2042 redibat:

141 2086 179 2128 ac
201 2086 300 2127 rursus
323 2065 397 2126 alius
413 2071 503 2146 etque
519 2062 603 2136 alius,
616 2062 723 2124 eedem
741 2079 875 2145 egestate
891 2086 926 2126 ac
937 2065 1136 2126 licentiacor-

137 2152 232 2236 rupti,
255 2150 293 2213 ad
315 2149 477 2214 seditiones
493 2161 523 2210 et
540 2148 710 2224 discordiae,
728 2149 810 2212 etad
826 2164 996 2211 extremum
1012 2151 1041 2211 in
1058 2149 1138 2212 bella

140 2238 241 2302 civilia
262 2237 398 2299 ruebant.
445 2233 507 2296 Sed
527 2232 623 2310 Otho,
647 2256 685 2295 ne
702 2235 782 2316 vulgi
805 2235 960 2316 largitione
976 2233 1138 2298 Centurio·

141 2347 214 2388 num
241 2324 355 2388 animos
381 2335 540 2399 averteret,
571 2321 695 2384 ‘fiscum
719 2343 806 2384 suurn
830 2321 1001 2384 vacationes
1024 2342 1137 2385 annuas

141 2409 361 2474 exsoluturum'
385 2408 536 2492 promisit:
561 2428 624 2469 rem
641 2408 719 2470 haud
737 2407 826 2469 dubie
843 2408 958 2483 utilem,
974 2421 1004 2470 et
1020 2430 1036 2470 a
1052 2407 1138 2471 bonis

164 2511 247 2559 ostea
263 2495 452 2580 Principibus
465 2494 662 2578 perpetuitate
675 2493 836 2577 discipline
849 2494 1005 2556 firmatam.
1051 2493 1137 2557 Laco

141 2519 317 2659 l’raetectus,
344 2597 485 2666 tanquam
509 2581 539 2642 in
562 2580 690 2642 insulam
714 2594 919 2664 seponeretur,
946 2581 984 2642 ab
999 2593 1137 2658 evocato,

142 2690 233 2754 quern
249 2668 286 2732 ad
298 2669 412 2732 cedem
428 2666 493 2751 ejus
504 2665 590 2730 Otho
605 2667 796 2750 premiserat,
812 2666 984 2730 confossus:
1009 2668 1037 2729 in
1055 2665 1139 2729 Mar·

142 2757 256 2818 tianum
272 2755 400 2831 Icelum,
417 2754 494 2816 utin
510 2753 692 2830 libertinum,
709 2752 806 2836 palum
820 2753 1071 2817 animadversum.

186 2839 324 2904 XLVll.
349 2841 470 2904 Exacto
492 2859 545 2923 per
562 2839 676 2902 scelere
695 2839 753 2915 die,
779 2839 973 2903 novissimum
990 2841 1138 2903 malorum

143 2925 199 2990 l'uit
211 2929 321 2990 letitia.
353 2926 453 2990 Vocat
464 2926 610 2988 Senatum
621 2925 735 2988 Pretor
745 2927 892 2990 urbanus:
910 2943 1026 2990 certant
1036 2928 1139 2990 adula-

142 3014 272 3077 tionibus
284 3014 376 3078 ceteri
387 3013 589 3095 Magistratus.
635 3011 805 3076 Accurrunt
816 3013 941 3078 Patres:
967 3015 1139 3077 decernitur

142 3099 259 3164 Othoni
289 3099 480 3162 ‘Tribunicia
508 3113 639 3183 potestas
660 3113 690 3162 et
715 3121 826 3162 nomen
842 3101 972 3182 Augusti
987 3115 1018 3162 et
1033 3117 1140 3161 omnes

142 3186 319 3270 Principum
343 3185 492 3262 honores,'
516 3187 717 3248 annitentibus
737 3187 853 3249 cunctis
869 3187 989 3248 abolere
1004 3182 1141 3246 convicia

142 3294 179 3336 ac
203 3274 306 3356 proba,
323 3295 399 3356 quae,
417 3270 584 3355 promiscue
597 3273 689 3355 jacta,
706 3272 825 3334 haesisse
842 3271 941 3332 animo
957 3268 1032 3353 ejus,
1050 3290 1140 3330 nemo

142 3360 246 3422 sensit.
291 3358 452 3420 Omisisset
466 3357 607 3432 offensas,
623 3379 660 3418 an
677 3358 850 3430 distulisset,
862 3355 1007 3439 brevitate
1024 3355 1140 3438 imperii

143 3447 173 3509 in
194 3446 308 3508 incerto
333 3443 399 3506 suit.
445 3443 540 3518 Otho,
564 3457 688 3504 cruento
712 3443 811 3524 adhuc
836 3441 910 3516 soro,
935 3463 989 3524 per
1010 3457 1141 3522 stragem

139 3532 317 3618 jacentium,
341 3531 371 3593 in
393 3529 580 3612 capitolium,
604 3543 695 3611 atque
716 3528 785 3589 inde
810 3528 838 3590 in
862 3528 1003 3610 palatium
1026 3543 1140 3604 vectuS,

143 3618 270 3681 concedi
282 3638 408 3699 corpora
420 3615 591 3697 sepulture,
607 3614 793 3697 cremarique
809 3613 951 3695 permisit.
996 3613 1141 3676 Pisonem

145 3703 278 3768 Verania
300 3726 377 3768 uxor
400 3725 435 3766 ac
452 3701 541 3766 frater
557 3699 778 3776 Scribonianus,
801 3699 843 3762 T.
861 3697 985 3762 Vinium
1002 3698 1142 3782 Crispina

144 3791 214 3868 filia,
237 3789 447 3875 composuere,
471 3785 599 3872 quesitis
617 3784 820 3873 redemtisque
836 3787 993 3874 capitibus,
1011 3808 1075 3873 que
1089 3806 1141 3850 re·

145 3879 222 3944 nalia
239 3877 445 3942 interfectores
461 3887 664 3938 servaverant.
