2508 4254
109 225 153 290 88
451 226 492 292 C.
517 225 626 293 Corin.
650 223 775 293 'samar
907 177 962 314 [ιΑ.
979 226 1022 294 U.
1039 227 1120 294 822.

154 390 280 457 XCIX.
304 391 457 469 Tandem,
470 391 634 478 irruptione
652 394 793 470 hostium,
818 395 968 459 atrocibus
984 396 1119 480 undique

109 481 221 543 nuntiis
237 481 409 557 exterritus,
426 480 581 544 Caecinam
599 496 629 543 et
647 479 810 544 Valentem
827 483 974 566 expedire
990 483 1027 545 ad
1053 483 1119 544 bel-

109 567 173 630 lum
184 566 283 652 jubet.
330 565 506 629 Praemissus
529 566 671 631 Caecina:
697 565 872 644 Valentem,
898 591 918 631 e
940 570 1022 650 gravi
1049 590 1117 637 cor·

109 655 190 738 poris
205 653 309 716 morbo
326 667 388 716 tum
408 653 534 736 primum
558 667 776 734 assurgentem,
796 655 950 718 iufirmitas
966 656 1115 719 tardabat.

110 739 219 822 Longe
236 741 293 802 alia
310 740 525 823 proficiscentis
542 761 582 802 ex
599 740 672 803 urbe
688 739 862 804 Germanici
879 741 1031 804 exercitiis
1047 763 1119 827 spe-

109 827 191 890 cies:
217 848 276 889 non
295 827 378 908 vigor
392 827 578 910 corporibus,
605 847 666 889 non
690 828 778 890 ardor
804 829 929 892 animis:
952 830 1068 892 lentum
1085 843 1118 892 et

110 933 209 975 rarum
226 935 346 995 agmen,
373 912 456 975 fluxa
479 933 572 989 arma,
596 933 705 997 segnes
731 915 821 997 equi:
852 915 1013 999 impatiens
1033 916 1116 992 solis,

109 999 254 1084 pulveris,
285 1014 519 1078 tempestatum:
549 999 755 1085 quantirmque
781 1002 875 1064 hebes
901 1003 938 1064 ad
965 1003 1116 1065 sustinen-

109 1085 181 1148 dum
196 1086 328 1148 laborem
345 1086 441 1161 miles,
458 1085 544 1148 tantd
554 1087 591 1149 ad
605 1088 767 1149 discordias
780 1089 934 1171 promtior.
973 1089 1116 1152 Accede-

108 1172 160 1236 bat
177 1173 236 1234 huc
252 1173 379 1234 Caeciuae
403 1172 526 1235 ambitio
550 1187 647 1250 vetus,
673 1187 775 1257 torpor
800 1195 917 1251 recens,
941 1174 1034 1238 nimiis
1056 1175 1116 1238 sor-

109 1271 191 1321 tunar
206 1257 393 1341 indulgentiti
407 1259 494 1324 soluti
511 1260 540 1322 iu
557 1261 684 1323 luxum:
706 1281 759 1324 seu
776 1262 930 1346 perfidiam
944 1262 1116 1326 meditantis

106 1342 266 1427 infringere
282 1344 433 1408 exercitiis
450 1348 601 1423 virtutem,
628 1347 705 1410 inter
727 1361 805 1410 artes
821 1361 895 1411 erat.
941 1347 1112 1412 Credidere

109 1430 258 1516 plerique,
283 1429 381 1495 Flavii
398 1431 502 1496 Sabini
524 1429 655 1496 consiliis
676 1455 854 1496 concussam
871 1432 1002 1498 Caecinae
1029 1455 1116 1499 men·

106 1531 181 1594 tem,
199 1519 335 1582 ministro
347 1541 519 1582 sermonum
536 1520 654 1584 Rubrio
670 1519 772 1597 Gallo,
798 1527 881 1584 ‘rata
897 1523 977 1605 apud
993 1520 1114 1606 Vespa·

106 1604 224 1668 sianum
242 1605 304 1669 lore
317 1621 405 1691 pacta
421 1607 626 1670 transitionis?
671 1607 768 1670 Simul
784 1607 920 1671 odiorum
934 1607 1115 1692 invidiaque

107 1711 179 1774 erga
197 1691 324 1756 Fabium
344 1692 505 1758 Valentem
522 1693 749 1771 admonebatur,
777 1701 831 1757 ‘rrt
853 1696 950 1778 impar
964 1694 1044 1779 apud
1058 1693 1115 1758 Vi·

108 1779 238 1855 tellium,
255 1782 377 1863 gratiam
396 1782 534 1865 viresque
550 1782 630 1864 apud
652 1802 764 1844 novum
781 1779 956 1866 Principem
972 1781 1115 1866 pararet?

151 1864 193 1929 C.
218 1865 342 1930 Cecina
356 1868 521 1950 complexu
540 1866 655 1930 Vitellii
673 1868 768 1930 multo
783 1889 853 1930 curn
870 1868 984 1930 bonore
999 1869 1114 1952 digres-

106 1971 169 2028 sus,
187 1966 302 2035 partem
319 1953 454 2037 equitum
471 1953 508 2015 ad
524 1953 733 2037 occupandam
750 1953 934 2017 Cremonam
954 1955 1115 2038 praemisit:
1129 2009 1132 2015 ,

106 2057 181 2097 mox
208 2038 320 2094 vexilla
347 2053 469 2115 quartae,
494 2039 619 2094 decimae
646 2055 677 2094 ct
699 2041 919 2095 sextaedecimae
940 2041 1113 2113 legionum,

107 2118 176 2183 dein
208 2119 312 2203 quinta
338 2131 369 2180 et
395 2117 632 2180 duoetvicesima
658 2134 788 2181 secute:
816 2134 971 2202 postremo
993 2117 1114 2200 agmine

9 2273 10 2278 ,
107 2205 343 2271 unoetvicesimo
359 2203 471 2287 Rapax
487 2219 518 2266 et
534 2205 628 2289 prima
650 2201 752 2266 ltalica
767 2204 928 2282 incessere,
950 2226 1021 2266 cunt
1038 2225 1115 2268 vex-

106 2291 207 2356 illariis
235 2292 321 2354 trium
349 2289 590 2354 Britannicarum
618 2290 771 2373 legionum
798 2305 828 2355 et
853 2291 960 2353 electis
981 2289 1112 2354 auxiliis.

107 2377 252 2443 Profecto
276 2376 410 2453 Caeeini,
437 2377 553 2461 scripsit
570 2375 683 2439 Fabius
701 2374 816 2439 Valens
840 2377 997 2452 exercitui,
1021 2397 1113 2461 quem

106 2465 173 2528 ise
190 2464 377 2540 ductaverat,
401 2471 453 2526 ‘ut
468 2465 498 2526 in
523 2463 629 2526 itinere
651 2464 859 2547 opperiretur,
890 2465 933 2526 sic
958 2463 1013 2527 sibi
1039 2483 1112 2526 cum

107 2485 233 2617 derina
248 2551 426 2614 convenisse
440 2550 459 2612 :'
484 2551 534 2635 qui
552 2571 693 2633 presens,
709 2548 808 2634 edque
825 2549 959 2627 validior,
982 2551 1113 2612 ‘immu-

106 2652 203 2702 tatum
220 2639 249 2701 id
265 2637 434 2701 consilium’
450 2637 547 2714 linxit,
564 2644 616 2699 ‘ut
631 2637 780 2718 ingruenti
792 2636 873 2698 bello
888 2635 953 2699 totis
965 2636 1044 2699 mole
1059 2657 1113 2700 oc·

106 2724 299 2790 curreretur.²
343 2724 389 2786 lta
405 2723 604 2787 ‘accelerare’
630 2724 764 2804 legiones
790 2721 1019 2800 ‘Cremonam’
1043 2743 1113 2806 pars

107 2811 288 2876 ‘Hostiliam
306 2811 420 2895 petere'
432 2810 544 2897 jussae:
573 2811 638 2894 ipse
663 2808 843 2872 Ravennam
867 2810 1008 2884 devertit,
1037 2829 1113 2894 prar-

106 2913 193 2962 texto
208 2899 335 2962 classem
359 2897 553 2983 alloquendi:
582 2919 654 2960 mox
679 2895 796 2959 Patavii
819 2911 970 2960 secretum
986 2917 1114 2980 compo·

106 2987 213 3050 rrendae
242 2985 415 3070 proditionis
438 2985 606 3070 quesitum.
652 2981 795 3067 Namque
822 2983 959 3047 Lucilius
985 2983 1112 3059 Bassus,

107 3089 176 3158 post
194 3072 398 3156 prefecturam
416 3073 480 3148 alae,
502 3070 675 3135 Ravennati
698 3070 837 3133 simulac
855 3069 1018 3132 Misenensi
1034 3070 1113 3132 clas·

105 3160 187 3222 sibus
203 3181 220 3222 a
238 3159 363 3223 Vitellio
380 3159 564 3242 prepositus,
588 3156 668 3242 qudd
687 3177 744 3218 non
772 3157 871 3219 statim
896 3155 1112 3220 Praesecturam

107 3245 241 3310 Praetorii
259 3248 387 3330 adeptus
405 3245 490 3321 soret,
514 3245 646 3328 iniquam
662 3242 845 3306 iracundiam
863 3243 1011 3325 flagitiosis
1025 3243 1113 3326 perfi-

108 3332 158 3396 dit
174 3334 392 3396 ulciscebatur:
415 3353 472 3394 nec
487 3331 553 3394 sciri
573 3344 680 3413 potest,
703 3332 867 3392 traxeritne
882 3329 1048 3408 Caecinam,
1072 3351 1111 3392 an

107 3417 204 3506 (quod
220 3421 321 3482 evenit
338 3420 413 3482 inter
425 3418 530 3495 malos,
542 3433 574 3480 ur
587 3433 617 3481 et
629 3417 741 3482 similes
752 3417 827 3502 sint)
841 3417 948 3480 eadem
962 3417 1027 3479 illos
1044 3437 1112 3500 pra·

107 3507 182 3570 vitas
200 3506 363 3588 impulerit.

149 3592 206 3657 Cl.
231 3592 400 3676 Scriptores
425 3605 608 3674 temporum,
635 3590 697 3676 qui,
725 3591 859 3674 potiente
886 3611 984 3653 rerum
1001 3587 1112 3652 Flavia

105 3678 207 3755 domo,
221 3693 416 3743 monumenta
432 3679 501 3742 belli
520 3677 645 3764 hujusce
656 3691 900 3760 composuerunt,
916 3685 1039 3740 ‘curam
1057 3695 1112 3759 pa·

106 3765 149 3828 cis
165 3781 196 3829 et
208 3787 340 3830 amorem
358 3765 558 3851 Reipublicae'
574 3779 731 3850 corruptas
746 3764 776 3828 in
792 3764 995 3828 adulationem
1011 3771 1019 3799 ‘
1033 3783 1107 3827 cau-
