2508 4254
106 172 169 234 124
447 167 771 234 C.Cortrt.'1¹acrr1
898 169 953 252 [Α.
969 167 1012 232 U.
1029 171 1108 234 822.
1163 172 1166 176 ’
1235 219 1236 264 p

104 335 313 421 alueruntque.
359 331 410 398 Sic
430 334 615 418 capitolium,
638 333 747 398 clausis
769 332 892 412 foribus,
917 332 1106 409 indefensum

104 438 135 486 et
150 423 344 504 indireptum,
360 420 566 506 conflagravit.

148 508 288 572 LXXll.
312 507 346 570 Id
358 506 472 572 lacinus
489 521 555 592 post
566 507 719 572 conditam
731 508 837 570 urbem
850 507 1105 572 luctuosissimum

79 630 81 636 ·
105 595 364 678 soedissimumque
381 594 569 678 Reipublicae
593 595 697 679 populi
721 594 854 658 Romani
871 596 998 658 accidit:
1023 597 1107 659 nullo

106 700 233 746 externo
249 683 345 757 hoste,
362 682 506 765 propitiiS,
523 683 546 744 si
564 703 619 765 per
634 701 734 744 mores
748 695 867 746 nostros
880 681 995 759 liceret,
1018 681 1106 760 Deis,

105 771 210 832 sedem
225 769 310 832 Joris
326 767 443 852 Optimi
460 767 601 844 Maximi,
617 768 770 852 auspicato
784 789 802 830 a
814 767 985 849 majoribus,
997 769 1106 853 pignus

105 857 240 940 lmperii,
256 856 419 931 conditam,
436 875 525 938 quarn
549 876 609 918 non
634 853 769 918 Porsena
784 854 888 918 deditis
905 856 990 930 urbe,
1006 877 1107 941 neque

106 944 186 1007 Galli
196 942 297 1026 capti,
305 957 453 1004 temerare
467 942 642 1025 potuissent,
653 940 752 1004 surore
762 941 938 1024 Principum
950 943 1106 1006 exscindi!

105 1034 230 1094 Arserat
246 1045 276 1092 et
292 1028 362 1092 ante
378 1028 554 1111 capitolium
570 1028 651 1092 civili
667 1028 757 1106 bello,
772 1029 825 1092 sed
843 1027 947 1090 fraude
971 1028 1108 1112 privattl3

105 1139 185 1180 nunc
201 1117 300 1200 palam
316 1116 484 1191 obsessum,
509 1113 607 1198 palam
632 1115 808 1178 incensum:
830 1115 937 1200 quibus
956 1137 1106 1180 armorum

106 1205 223 1267 causis?
246 1225 307 1286 quc
323 1216 410 1266 tantae
433 1201 528 1266 cladis
547 1203 644 1286 pretio
665 1201 770 1265 stetit?
795 1223 849 1283 pto
866 1202 962 1286 patrib
981 1203 1107 1266 bellari-

106 1293 197 1353 mus?
244 1288 380 1352 Voverat
408 1287 590 1373 Tarquinius
621 1287 743 1352 Priscus
773 1287 857 1366 Rex,
880 1289 960 1352 bello
982 1289 1109 1368 Sabino,

100 1379 276 1464 jeceratque
307 1375 511 1449 fundamenta,
541 1397 595 1460 spe
626 1373 721 1458 magis
751 1373 855 1439 future
881 1376 1105 1460 magnitudinis

108 1464 197 1550 quim
215 1463 275 1549 qub
291 1463 416 1527 modice
440 1463 539 1526 adbuc
562 1461 670 1546 Populi
697 1461 828 1526 Romani
852 1483 900 1526 res
923 1463 1107 1526 sufficerent.

106 1552 184 1616 Mox
200 1551 324 1614 Servius
339 1549 471 1626 Tullius,
487 1549 636 1612 sociorum
651 1549 771 1626 studi03
794 1548 904 1612 deinde
919 1549 1104 1634 Tarquinius

107 1639 273 1723 Superbus,
283 1634 657 1722 captltSuessbPomctib,
668 1636 796 1700 bostium
806 1635 1107 1720 spoliisexstrusbre.

108 1726 170 1790 Sed
187 1727 280 1808 gloria
296 1725 395 1808 operis
418 1723 545 1786 libertati
570 1737 742 1787 reservata:
767 1723 859 1797 pulsis
874 1721 1024 1804 Regibus,
1040 1723 1109 1788 llo·

105 1814 198 1878 ratius
215 1812 374 1887 Pulvillus,
387 1811 494 1874 iterum
511 1808 640 1887 Consul,
653 1809 815 1887 dedicavit,
826 1808 866 1872 eti
877 1809 1108 1893 magnificandi,

107 1921 197 1984 quarn
214 1899 367 1962 immensae
380 1912 484 1981 postea
500 1898 604 1984 populi
620 1895 753 1960 Romani
762 1918 838 1979 opes
849 1910 989 1960 ornarent
1000 1897 1108 1982 potiits,

106 1985 197 2070 quim
224 1999 377 2066 augerent.
426 1982 537 2046 lisdem
561 2004 663 2047 rursus
679 1983 810 2066 vestigiis
836 1983 926 2046 situm
951 1997 1008 2060 est,
1024 1999 1108 2068 post·

107 2093 209 2156 quam,
226 2070 385 2156 interjecto
400 2071 684 2155 quadringentorum
696 2070 798 2152 viginti
814 2071 945 2155 quinque
961 2091 1107 2134 annorum

106 2159 215 2241 spatio,
242 2157 282 2222 L.
308 2156 450 2240 Scipione
471 2156 512 2220 C.
531 2155 675 2222 Norbano
699 2156 894 2234 Consulibus,
918 2156 1108 2238 flagraverat.

106 2245 221 2310 Curam
238 2246 334 2308 victor
349 2243 435 2328 Sylla
450 2246 595 2328 suscepit,
611 2265 710 2329 neque
731 2258 831 2308 tamen
853 2244 1024 2308 dedicavit:
1049 2246 1109 2310 boc

106 2333 204 2396 solum
228 2330 361 2394 felicitati
377 2330 443 2416 ejus
466 2347 620 2412 negatum.
666 2331 779 2394 Lutatii
795 2329 899 2395 Catuli
921 2353 1045 2410 nomen,
1062 2332 1108 2395 ia·

106 2433 153 2482 ter
168 2433 248 2482 tanta
264 2416 420 2482 Cesaram
437 2439 541 2501 opera,
556 2440 652 2503 usque
668 2418 706 2481 ad
722 2416 879 2482 Vitellium
895 2420 1014 2482 mansit.
1059 2418 1109 2484 Ea

107 2519 180 2570 tuac
196 2505 275 2568 ardes
289 2505 489 2568 cremabatur.

151 2590 309 2654 LXXlll.
334 2591 397 2656 Sed
415 2591 482 2672 plns
502 2593 620 2676 pavoris
634 2593 775 2670 obsessis,
797 2591 888 2678 qusint
902 2593 1110 2658 obsessoribus

108 2679 218 2742 intulit.
265 2675 392 2762 Quippe
407 2676 588 2750 Vitellianus
604 2680 701 2757 miles,
713 2701 813 2764 neque
829 2694 905 2753 astu,
921 2701 1020 2765 neque
1036 2701 1110 2744 cou-

109 2764 229 2843 stantilt,
244 2765 321 2828 inter
336 2765 427 2828 dubia
449 2765 613 2848 indigebat.
660 2765 712 2830 Ex
732 2767 851 2830 diverso
866 2767 972 2851 trepidi
989 2767 1113 2846 milites,

109 2852 185 2916 Dux
201 2853 301 2936 segnis
317 2866 348 2914 et
364 2852 456 2938 veluti
472 2867 581 2937 captus
596 2853 697 2930 ¹animi,
713 2875 773 2916 non
786 2851 900 2936 lingua,
912 2875 971 2916 non
988 2855 1110 2918 auribus

107 2954 282 3023 competere
295 2961 302 3002 ι
318 2959 417 3025 neque
427 2939 531 3002 alienis
542 2941 671 3004 consiliis
683 2940 757 3024 regi,
769 2961 869 3025 neque
878 2961 932 3004 sua
944 2941 1111 3025 expedire:

109 3027 169 3090 huc
186 3028 256 3090 illuc
272 3026 453 3088 clamoribus
472 3026 600 3091 hostiurn
621 3028 803 3109 circumagi:
828 3049 893 3112 que
909 3031 1040 3112 jusserat
1056 3049 1110 3092 re-

108 3129 183 3189 tare,
200 3135 266 3197 quae
283 3127 428 3187 vetuerat,
447 3112 566 3196 jubere.
612 3113 701 3190 Mox,
724 3114 805 3199 quod
829 3115 858 3178 iu
880 3115 1003 3198 perditis
1020 3115 1110 3180 rebus

109 3201 228 3274 accidit,
242 3219 348 3261 omnes
364 3200 535 3281 praecipere,
550 3221 641 3264 nemo
664 3201 793 3286 exequi:
818 3201 970 3286 postremo
986 3201 1111 3287 abjectis

109 3287 210 3357 armis,
228 3285 329 3366 sugam
351 3297 383 3346 et
402 3283 521 3347 fallendi
542 3302 623 3352 artes
646 3289 951 3372 circumspectabant.
998 3288 1110 3352 lrrum·

109 3388 184 3457 punt
199 3371 352 3434 Vitelliani
370 3383 400 3432 et
415 3385 524 3434 cuncte
545 3375 701 3456 sanguine,
722 3375 811 3453 serm,
833 3375 1023 3460 flammisque
1038 3376 1110 3440 mis·

109 3473 192 3524 cent.
239 3456 333 3520 Pauci
357 3457 527 3520 militarium
553 3460 693 3538 virorum,
717 3462 794 3526 inter
816 3484 892 3546 quos
914 3463 1047 3526 maxime
1064 3463 1111 3526 in·

110 3548 221 3627 signes,
247 3542 408 3608 Cornelius
432 3542 587 3621 lllartielis,
602 3545 743 3611 AEmilius
767 3547 922 3625 Pacensis,
945 3549 1111 3632 Casperius

111 3632 217 3715 Niger,
236 3630 346 3694 Didius
370 3630 487 3708 Scaeva,
511 3654 642 3717 pugnam
668 3635 743 3712 cusi,
765 3636 991 3701 obtruncantur.
1038 3635 1111 3700 Fla·

109 3721 192 3784 vium
219 3719 377 3795 Sabinum,
404 3720 561 3796 inermem,
586 3741 685 3806 neque
708 3721 808 3806 sugam
833 3737 1032 3808 coeptantem,
1051 3725 1111 3790 cir·
