2516 4250
122 200 164 266 A.
181 200 223 267 C.
238 203 307 286 69.]
398 201 539 267 Hieros.
563 197 639 268 Lis.
663 201 854 270 Sscuunns.
942 256 945 262 .
1085 205 1134 270 st·

127 367 227 454 ebque
242 367 378 432 exercitu
396 368 530 432 meliore.
576 367 662 432 Missi
678 369 715 432 ad
729 368 876 432 Parthum
889 369 1128 456 Armeniumque

22 531 27 540 ι
126 455 229 538 legati,
248 455 470 540 provisumque,
486 477 536 532 ne,
554 458 646 518 versis
662 456 699 518 ad
714 456 804 520 civile
820 457 932 518 bellum
949 457 1127 538 legionibus,

128 557 212 625 terga
238 543 433 604 nudarentur.
478 541 585 606 Titum
615 544 725 606 instare
755 541 878 618 iudaeae,
905 542 1127 626 Vespasianum

127 629 263 692 obtinere
293 630 422 692 claustra
452 627 581 714 AEgypti
609 630 731 713 placuit.
777 629 924 692 Sufficere
951 631 1130 694 videbantur

126 712 435 778 adversbsVitellium
453 737 522 799 pars
532 717 685 799 copiarum
698 730 729 778 et
741 715 816 779 Dux
833 715 992 779 Mucianus
1008 734 1038 780 et
1050 715 1130 780 Ves-

126 803 241 886 pasiani
257 825 379 879 nomen,
396 823 431 865 ac
447 803 519 865 nibil
536 804 661 866 arduum
677 803 754 866 satis.
792 803 841 866 Ad
857 825 963 866 omnes
979 804 1129 867 exercitus

126 887 322 973 Legatosque
338 891 464 972 scripte
490 890 634 974 epistolae,
660 903 915 974 praeceptumque,
940 898 992 954 ‘ut
1015 891 1131 954 Praeto-

126 977 226 1040 rianos
240 975 368 1092 Vitellio
383 975 525 1054 infensos,
552 977 753 1061 reciperandae
780 977 889 1040 militiae
917 978 1038 1062 praemio
1053 977 1130 1040 invi·

127 1077 237 1126 latent.
812 1110 813 1113 =

170 1147 362 1213 LXXXlll.
386 1147 547 1212 Mucianus
562 1171 631 1213 cum
648 1147 794 1234 expediti
809 1159 910 1226 manu,
934 1151 1048 1214 socium
1065 1171 1130 1214 ma·

126 1234 171 1320 gis
188 1235 320 1320 Imperii,
344 1235 434 1320 quiam
451 1238 616 1300 ministrum
633 1257 735 1318 agens,
762 1257 822 1299 non
849 1239 932 1300 lento
947 1238 1063 1314 itinere,
1089 1257 1129 1300 ne

126 1324 262 1387 cunctari
275 1324 436 1399 videretur,
453 1343 552 1409 neque
567 1339 667 1386 tamen
686 1343 860 1408 properans,
876 1325 1002 1406 gliscere
1019 1323 1129 1388 samam

126 1411 194 1494 ipso
208 1412 307 1494 spatio
321 1411 458 1474 sinebat:
481 1431 600 1494 gnarus,
624 1411 756 1474 modicas
772 1411 850 1473 vires
872 1412 938 1488 sibi,
962 1426 993 1474 et
1017 1411 1129 1496 niajora

125 1497 263 1560 credide
280 1498 463 1560 absentibus.
509 1497 570 1560 Sed
587 1497 668 1580 legio
682 1512 769 1561 sexta
791 1511 821 1560 et
840 1498 985 1560 tredecim
1002 1499 1130 1560 vexilla·
1217 1566 1230 1583 ς

125 1584 237 1648 riorum
268 1585 359 1646 millia
389 1585 501 1667 ingenti
528 1585 647 1666 agmine
673 1583 886 1668 sequebantur.
941 1583 1082 1646 Classem
1110 1603 1129 1647 e

126 1669 229 1734 Ponto
244 1670 429 1752 Byzantium
454 1671 532 1752 adigi
544 1669 696 1754 jusserat:
720 1671 878 1751 ambiguus
893 1671 1019 1746 consilii,
1044 1691 1128 1747 num,

125 1755 239 1820 omissa
262 1756 383 1832 Moesia,
410 1757 634 1839 Dyrrhachium
659 1756 761 1839 pedite
784 1770 877 1840 atque
903 1757 1015 1840 equite,
1040 1756 1129 1820 simul

125 1843 224 1926 longis
239 1845 365 1906 naribus
382 1863 500 1905 versum
517 1843 545 1904 in
562 1841 679 1906 ltaliam
693 1861 775 1905 mare
789 1842 954 1916 clauderet,
971 1841 1036 1905 tutia
1051 1863 1129 1926 pone

125 1946 243 2013 tergum
261 1928 379 1992 Achata
395 1928 548 2014 Asibque:
573 1949 647 2014 quas
662 1929 791 1992 inermes
806 1929 918 2011 exponi
937 1927 1072 2006 Vitellio,
1099 1930 1130 1993 ni

126 2017 270 2102 presidiis
295 2017 501 2079 firmarentur:
532 2030 623 2100 atque
649 2016 748 2100 ipsum
773 2013 930 2079 Vitellium
957 2017 986 2078 in
1013 2017 1131 2080 incerto

127 2102 202 2179 fora,
227 2125 316 2186 quam
344 2117 459 2184 partem
484 2100 577 2164 ltaliae
602 2117 784 2184 protegeret,
811 2103 835 2164 si
861 2103 916 2164 sibi
933 2101 1129 2166 Brundisium

126 2185 359 2273 Tarentumque
375 2203 406 2251 et
421 2187 563 2252 Lucania
580 2187 789 2272 Calabriaeque
803 2188 902 2252 littora
917 2187 1031 2252 infestis
1052 2189 1130 2255 clas-

126 2275 210 2339 sibus
224 2290 409 2360 peterentur.

172 2359 366 2425 LXXXIV.
392 2361 642 2443 lgiturnavinm,
669 2359 808 2438 militum,
834 2383 996 2438 armorum,
1024 2374 1130 2446 paratu

126 2461 262 2534 strepere
279 2450 450 2532 provincia.
497 2449 557 2511 Sed
575 2449 647 2512 nibil
664 2448 748 2533 aequie
762 2448 913 2532 fatigabat,
930 2448 1018 2532 quam
1037 2471 1130 2532 pecu-

126 2537 244 2600 niarum
259 2536 455 2620 conquisitio:
481 2542 552 2598 ‘eos
568 2557 635 2598 esse
650 2535 720 2598 belli
737 2536 832 2598 civilis
848 2535 967 2597 nervos’
991 2536 1129 2598 dictitans

127 2621 299 2698 Mucianus,
326 2643 384 2686 non
397 2622 447 2707 jus
469 2637 520 2685 aut
537 2641 640 2684 verum
657 2623 686 2684 in
702 2623 933 2701 cognitionibus,
956 2622 1008 2684 sed
1033 2623 1129 2685 solam

127 2711 365 2793 magnitudinem
396 2731 489 2792 opum
516 2709 684 2792 spectabat.
738 2707 856 2772 Passim
883 2709 1066 2772 delationes:
1099 2723 1130 2773 et

127 2797 381 2880 locupletissimus
397 2798 521 2881 quisque
534 2797 562 2858 in
577 2796 707 2879 predam
719 2796 871 2880 correpti:
893 2817 958 2879 quae
974 2797 1073 2877 gravia
1086 2809 1131 2858 at-

128 2905 187 2970 que
203 2883 400 2959 intoleranda,
427 2885 479 2945 sed
504 2884 681 2946 necessitate
697 2903 846 2945 armornm
867 2897 1023 2958 excusata,
1038 2883 1129 2944 etiam

127 2973 158 3035 in
173 2991 249 3054 pace
265 2971 420 3034 mansere:
445 2971 512 3053 ipso
530 2969 729 3053 Vespasiano,
752 2969 830 3030 inter
845 2968 925 3030 initia
943 2968 1075 3051 lmperii,
1092 2969 1130 3031 ad

127 3058 305 3121 obtinendas
322 3058 490 3142 iniquitates
514 3057 592 3118 baud
617 3056 742 3140 perinde
758 3055 949 3117 obstinanter
972 3055 1069 3120 donec
1085 3055 1131 3118 in-

128 3143 284 3226 dulgentiis
301 3143 441 3206 Fortuna
457 3159 488 3205 ct
512 3144 609 3226 pravis
625 3141 772 3223 magistris
787 3141 889 3203 didicit
905 3163 1055 3226 aususque
1071 3155 1129 3205 est.

128 3231 263 3314 Propriis
286 3253 405 3316 quoque
428 3231 535 3314 opibus
552 3229 711 3292 Mucianus
726 3227 838 3291 bellum
851 3227 940 3312 juvit,
956 3229 1056 3310 largus
1073 3229 1130 3311 pri·

127 3319 232 3394 ratim,
256 3318 335 3402 quaid
353 3317 468 3380 avidius
490 3318 528 3379 de
553 3314 726 3400 Republicai
747 3328 890 3378 sumeret.
936 3313 1041 3378 Ceteri
1057 3335 1131 3377 con·

128 3404 316 3470 ferendarum
336 3406 530 3488 pecuniarum
543 3403 719 3486 exemplum
731 3402 849 3465 secuti:
872 3402 1036 3464 rarissimus
1052 3402 1132 3486 quis·

127 3510 188 3578 que
199 3493 327 3554 eandem
344 3491 373 3554 io
387 3490 583 3573 reciperando
598 3490 748 3553 licentiam
766 3489 945 3551 babuerunt.
1056 3523 1060 3528 ·

131 3603 135 3610 ·
171 3576 345 3642 LXXXV.
371 3579 548 3643 Accelerata
564 3577 681 3640 interim
697 3575 876 3661 Vespasiani
892 3587 1005 3658 coepta,
1018 3573 1130 3657 lllyrici
1222 3649 1224 3653 ,

127 3666 280 3729 exercitus
295 3666 405 3739 studio,
418 3664 591 3743 transgressi
607 3664 636 3726 in
654 3679 764 3746 partes.
809 3659 915 3725 Tertia
932 3662 1010 3743 legio
1024 3681 1131 3724 exem·

126 3752 212 3838 plum
234 3753 344 3818 ceteris
359 3751 475 3816 Moesie
491 3749 658 3832 legionibus
682 3749 818 3836 prebuit.
864 3747 983 3812 Octava
1009 3761 1073 3811 erat
1096 3767 1131 3812 ac
