2516 4250
141 217 185 282 60
478 214 518 280 C.
543 213 652 280 Coun.
676 213 800 280 Tuom-1
933 215 988 298 [A.
1005 213 1048 278 U.
1064 217 1147 282 822.

141 402 210 446 cere
227 379 339 444 flumen
362 377 494 455 Padum,
510 393 588 444 tutas
604 379 673 442 viris
696 379 849 465 murisque
864 378 974 458 urbes;
996 401 1014 442 e
1033 381 1144 466 quibus

141 468 253 532 nullam
271 467 347 529 hosti
369 487 531 542 cessuram,
553 465 716 528 Placentia
739 464 913 528 defensione
936 425 1144 548 etiploratum.

141 553 273 618 Proinde
296 553 427 658 ἀυιιεετεῑΛ
445 552 574 614 bellum:
600 553 702 634 paucis
724 551 830 614 diebus
853 554 1143 652 quartamdecimam

142 642 305 722 legionem,
323 637 433 717 maguti
443 639 538 721 ipsam
555 636 645 714 sama,
660 659 731 701 cum
747 637 902 702 Moesiacis
916 639 1010 721 copiis
1025 640 1142 704 affore:

98 776 103 785 .
141 743 204 792 tum
222 747 319 789 rursus
335 726 579 798 deliberaturum,
602 739 644 802 et,
659 725 683 788 si
700 725 835 810 praelium
858 724 1029 810 placuisset,
1045 727 1143 792 auctis

143 814 253 878 viribus
267 811 454 876 certaturos!
1184 823 1187 828 ·

186 897 351 964 XXXlll.
375 895 552 962 Accedebat
566 899 719 962 sententie
742 897 862 962 Paulini
878 897 994 964 Marius
1009 844 1139 966 Celsus:

143 986 244 1050 ‘idem
263 986 381 1070 placere
399 985 501 1048 Annio
517 983 629 1061 Gallo,’
653 1007 767 1086 paucos
790 1000 860 1050 ante
881 986 945 1048 dies
961 987 1045 1070 lapsu
1069 989 1140 1073 equi

143 1073 264 1150 afflicto,
280 1073 371 1148 missi,
388 1073 437 1157 qui
460 1071 660 1134 consilium
633 1093 698 1158 eJus
719 1073 948 1148 sciscitarentur,
965 1075 1140 1138 retulerant.

141 1159 227 1222 Otho
258 1180 369 1242 pronus
399 1159 436 1221 ad
466 1158 702 1222 decertandum:
727 1159 816 1222 frater
837 1157 902 1243 ejus
932 1158 1081 1237 Titianus,
1109 1175 1142 1224 et

143 1246 308 1310 Praesectus
331 1245 465 1308 Pretorii
483 1244 664 1321 Proculus,'
658 1244 808 1328 imperitiis
822 1262 1028 1330 properantes,
1044 1246 1143 1311 ‘For-

144 1349 245 1396 tunam
262 1347 292 1396 et
308 1331 393 1394 Deos
408 1347 438 1395 et
454 1329 576 1394 Numen
600 1329 732 1395 Othonis
755 1332 861 1396 adesse
883 1334 1025 1409 consiliis,
1048 1335 1141 1398 affore
1242 1379 1243 1392 .

142 1419 319 1518 conatibus,'
336 1419 541 1482 testabantur.
566 1438 624 1480 neu
641 1419 706 1503 quis
722 1419 865 1483 obviam
859 1441 901 1482 ue
916 1422 1072 1484 sententie
1087 1441 1142 1484 au-

143 1506 273 1582 deret,'
266 1528 295 1568 tn
325 1505 529 1568 adulationem
555 1521 777 1568 concesserant.
822 1505 988 1590 Postquam
1017 1509 1142 1590 pugnari

143 1593 322 1676 placitum,‘
334 1593 476 1656 interesse
494 1613 600 1674 pugne
619 1590 886 1676 Imperatorem,
859 1614 896 1656 au
912 1595 1017 1676 seponi
1035 1594 1142 1658 melius

143 1679 241 1755 soret,'
252 1678 438 1760 dubitavere.
475 1677 606 1746 Paultuo
614 1693 645 1743 et
654 1677 769 1742 Celso
757 1701 821 1766 jam
834 1701 893 1742 non
904 1679 1142 1759 adversantibus,

143 1789 182 1832 ue
200 1767 371 1866 principem
377 1765 529 1854 objectare
543 1753 689 1856 periculis
694 1763 877 1846 viderentur,
896 1767 986 1830 iidem
1002 1768 1042 1829 illi
1056 1767 1143 1832 dete·

143 1854 225 1920 rioris
236 1853 363 1932 consilii
366 1869 501 1918 auctores
499 1847 706 1952 perpdlbra,‘
708 1868 756 1919 ut
764 1849 935 1923 Bactrum
947 1855 1142 1932 concederet,

144 1961 191 2016 ac,
207 1935 315 2002 dubiis
320 1931 506 2022 praeliorum
502 1937 655 2016 exemtus,
670 1961 796 2003 summa
812 1961 909 2002 rerum
926 1957 957 2002 et
971 1940 1092 2022 Imperii
1108 1963 1143 2004 se

144 2027 242 2110 ipsum
258 2041 434 2088 reservaret.
438 2023 500 2086 'Is
513 2025 625 2105 primus
636 2023 700 2086 dies
712 2025 899 2088 Othonianas
910 2041 1008 2106 partes
1021 2027 1142 2092 afflixit:

144 2133 275 2196 namque
291 2125 405 2174 etcum
426 2112 492 2194 ipso
508 2111 716 2173 Praetoriarum
736 2111 903 2174 cohortium
927 2125 957 2172 et
971 2112 1145 2191 speculato-

145 2221 210 2262 rum
234 2199 429 2283 equitumque
447 2197 543 2260 valida
568 2217 673 2260 uranus
695 2196 845 2273 discessit,
864 2209 895 2258 et
923 2199 1143 2262 remanentium

145 2285 255 2349 fractos
271 2285 406 2348 animus:
431 2283 552 2369 quando
574 2283 704 2382 suspecti
728 2282 844 2358 Duces,
861 2296 891 2346 et
907 2297 938 2346 ut
954 2281 1069 2347 Othoni
1092 2287 1143 2350 uui

144 2372 226 2456 apud
250 2372 373 2434 militem
390 2371 476 2470 fides,
492 2370 564 2432 dum
587 2386 618 2432 et
634 2371 697 2452 ipse
720 2391 779 2432 uon
803 2369 858 2432 nist
850 2369 1015 2434 militibus
1036 2373 1143 2450 credit,

144 2459 271 2540 imperia
286 2457 426 2520 Ducum
420 2479 449 2520 m
465 2457 579 2520 incerto
593 2457 763 2539 reliquerat.

189 2543 349 2608 XXXIV.
373 2543 458 2606 Nihil
481 2564 585 2607 eorum
607 2541 786 2606 Vitellianos
809 2540 942 2622 fallebat,
968 2545 1090 2621 crebris,
1110 2559 1143 2610 ut

146 2633 175 2696 in
200 2631 280 2694 civili
308 2630 398 2706 bello,
422 2627 610 2710 transfugiis:
634 2643 665 2691 et
688 2629 904 2715 exploratores,
931 2630 1004 2694 curb
1027 2632 1145 2696 diversa

146 2717 326 2792 sciscitandi,
349 2737 402 2780 sua
425 2738 484 2779 non
505 2717 708 2780 occultabant.
754 2715 861 2790 Quieti
882 2719 1047 2802 intentique
1074 2717 1145 2782 Cae·

145 2807 213 2870 cina
227 2826 263 2867 ac
271 2803 396 2880 Valens,
407 2803 527 2888 quaudo
542 2804 633 2866 hostis
645 2803 847 2886 imprudentid
863 2818 971 2880 rueret,
985 2805 1063 2888 quod
1076 2804 1145 2868 loco

146 2892 299 2975 sapientiae
330 2906 386 2966 est,
411 2891 537 2952 alienam
561 2891 716 2954 stultitiam
738 2891 983 2974 opperiebantur,
1003 2891 1145 2954 inchoato

147 2993 239 3064 ponte
251 2977 405 3040 transitum
423 2977 498 3049 Padi
511 2977 696 3054 simulantes,
711 2977 854 3040 adversus
869 2978 1038 3060 oppositam
1050 2977 1145 3059 gladi·
1175 3043 1176 3046 ,

148 3080 263 3128 atorum
280 3085 413 3140 manum,
429 3087 464 3127 ao
480 3086 518 3126 ne
534 3065 665 3147 ipsorum
686 3064 770 3126 miles
786 3085 879 3145 segne
903 3065 995 3126 otium
1023 3078 1143 3126 tereret.

147 3151 262 3228 Naves,
280 3152 341 3234 pari
362 3153 439 3214 iuter
453 3172 485 3214 se
505 3152 613 3232 spatio,
631 3151 734 3212 validis
758 3151 906 3250 utrimque
926 3150 1058 3212 trabibus
1072 3170 1145 3212 oon-

148 3260 247 3314 nexae,
270 3238 459 3300 adversum
452 3259 480 3300 m
505 3237 618 3298 flumen
645 3235 893 3336 dirigebantur,
881 3237 970 3320 Juctis
989 3257 1078 3318 super
1093 3257 1144 3298 an·

147 3327 256 3402 choris,
269 3345 334 3409 quae
345 3324 514 3386 firmitatem
528 3324 624 3405 pontis
635 3324 834 3386 continerent.
874 3321 935 3384 Sed
948 3323 1142 3386 anchorarum

148 3411 234 3475 funes
249 3433 308 3473 nou
335 3411 450 3474 extenti
467 3409 634 3484 fluitabant,
650 3423 693 3486 ut,
717 3422 899 3491 augescente
921 3408 1054 3485 flumine,
1071 3408 1144 3472 inos-

148 3498 249 3562 sensus
264 3498 337 3560 ordo
353 3497 472 3560 navium
489 3457 684 3558 attollereiur.
729 3496 902 3560 Claudebat
915 3511 1036 3578 pontem
1050 3496 1145 3595 impq-

149 3587 205 3648 sita
220 3585 307 3647 turris
320 3599 350 3648 et
366 3585 394 3646 in
411 3598 580 3646 extremam
605 3605 714 3645 navam
739 3584 869 3646 educta:
895 3583 975 3646 uude
991 3583 1145 3646 tormentis

150 3672 344 3736 stomachicis
359 3671 461 3734 hostes
477 3669 732 3755 propulsarentur.
