2560 4258
125 195 168 260 26
418 194 459 260 C.
483 193 594 260 Coss.
616 193 741 260 Tacrrr
919 194 974 278 [A.
990 192 1034 258 U.
1049 195 1132 258 822.

125 358 232 424 sisset.
279 355 404 422 Vitellio
426 371 487 422 tres
509 358 600 444 patris
616 357 811 434 Consulatus,
834 356 1017 434 Censorem,
1032 357 1131 422 colle·

124 448 205 530 gium
232 444 371 521 Cesaris,
396 445 549 528 imponere
571 445 634 529 jam
659 446 773 530 pridem
800 443 991 530 Imperatoris
1021 445 1130 526 digna·

124 535 248 608 tionem,
265 531 380 594 aulerre
393 531 497 614 privati
509 531 725 594 securitatem)
757 529 961 605 Quatiebatur
972 533 1017 594 lris
1028 551 1125 614 segue

124 620 289 702 ingenium,
306 633 339 680 ut
354 619 582 701 concupisceret
598 616 703 700 magis,
716 618 806 702 quim
824 634 855 682 ut
866 633 1009 702 speraret.

167 703 256 768 Llll.
282 705 323 766 At
349 704 378 766 in
404 705 557 786 superiore
581 703 756 780 Germanii,
781 703 915 780 Caecina,
942 701 1054 766 decori
1074 701 1127 788 ju·

123 791 225 867 venti,
251 811 378 872 corpore
403 790 518 871 ingens,
545 791 635 854 animi
662 791 852 868 immodicus,
878 792 954 854 scito
973 810 1125 867 sermone,

124 894 226 940 erecto
248 877 377 952 incessu,
400 877 497 939 studia
522 878 649 940 militum
672 878 819 940 illexerat.
867 875 959 940 Hunc
977 877 1127 962 juvenem

123 963 233 1040 Galba,
245 961 437 1036 Quaesturam
453 963 482 1025 in
497 962 622 1040 Baetici,
638 963 765 1046 impigris
781 963 810 1026 iu
828 979 926 1046 partes
945 985 1014 1026 suas
1031 982 1127 1026 trans·

121 1071 268 1134 gressum,
295 1049 404 1130 legioni
429 1052 612 1133 preposuit:
645 1071 717 1112 mox
742 1068 942 1132 compertum,
970 1051 1125 1132 publicam

121 1138 283 1221 pecuniam
306 1136 459 1212 avertisse,
486 1151 517 1198 ut
543 1137 747 1218 peculatorem
764 1135 888 1218 flagitari
908 1135 1006 1221 jussit.
1052 1133 1125 1200 Cre-

122 1224 191 1288 cina
214 1221 291 1305 aegre
312 1243 426 1304 passus,
450 1223 576 1285 miscere
599 1238 708 1286 cuncta
731 1237 761 1286 et
777 1225 891 1305 privata
910 1223 1031 1285 vulnera
1048 1220 1127 1286 Rei·
1228 1236 1237 1269 -“

123 1310 251 1394 publicae
276 1309 360 1372 malis
383 1309 500 1392 operire
526 1310 640 1372 statuit.
687 1307 755 1372 Nec
781 1309 905 1372 deerant
932 1310 961 1371 in
985 1309 1124 1372 exercitu

121 1398 236 1460 semina
260 1395 430 1458 discordie:
456 1395 534 1479 qubd
563 1411 594 1458 et
611 1396 691 1458 bello
713 1395 856 1458 adversius
871 1394 1033 1458 Vindicem
1057 1395 1125 1458 uni·

120 1504 225 1548 versus
241 1482 376 1558 affuerat,
397 1502 466 1559 nec,
483 1483 537 1544 nisi
553 1483 656 1544 occiso
677 1480 812 1558 Nerone,
828 1483 986 1544 translatus
1003 1483 1031 1544 in
1048 1480 1125 1544 Gal·

120 1571 202 1646 bam,
226 1586 315 1654 atque
332 1569 360 1630 iu
376 1591 414 1632 eo
429 1571 495 1653 ipso
517 1584 707 1632 sacramento
734 1569 853 1632 vexillis
879 1567 1024 1632 inferioris
1044 1565 1125 1630 Ger·

118 1659 224 1722 maniae
242 1669 411 1740 preventus
426 1670 501 1718 erat.
548 1654 591 1718 Et
605 1655 733 1718 Treveri
751 1675 787 1718 ac
802 1653 970 1736 Lingones,
987 1673 1124 1739 quasque
1230 1622 1250 1685 .¹

118 1745 191 1808 alias
214 1745 350 1806 civitates
374 1743 522 1806 atrocibus
546 1743 652 1805 edictis
676 1757 727 1804 aut
751 1742 862 1804 damno
886 1742 988 1804 linium
1018 1741 1119 1804 Galba

119 1830 301 1915 perculerat,
325 1829 467 1910 hybernis
484 1829 635 1910 legionum
663 1825 785 1912 propius
809 1828 981 1890 miscentur.
1028 1825 1121 1890 Unde

119 1917 260 1980 seditiosa
274 1915 435 1997 colloquia,
459 1929 490 1976 et
505 1917 582 1976 inter
598 1936 730 1997 paganos
745 1916 912 1998 corruptior
928 1914 1024 1991 miles,
1040 1929 1071 1978 et
1090 1914 1122 1976 in

120 2001 298 2082 Verginium
315 1999 407 2076 lavor,
423 2001 605 2084 cuicumque
621 2002 669 2062 alii
687 1999 867 2084 profuturus.

165 2085 254 2152 LlV.
279 2085 405 2150 Miserat
426 2087 532 2150 civitas
557 2085 741 2169 Lingonum,
766 2102 867 2152 vetere
883 2089 1023 2164 instituto,
1046 2085 1127 2150 dona

119 2175 299 2258 legionibus,
329 2173 462 2249 dextras,
492 2175 611 2257 hospitii
642 2173 769 2256 insigne.
814 2173 922 2256 Legati
953 2196 1069 2252 eorum,
1092 2173 1122 2235 in

121 2264 290 2347 squalorem
323 2261 554 2345 nroestitiamque
583 2261 756 2344 compositi,
794 2282 848 2343 per
879 2261 1034 2344 principia,
1065 2281 1122 2344 per

120 2347 328 2423 contubernia,
344 2345 435 2410 modd
451 2355 537 2410 ‘suas
553 2346 695 2432 injurias,'
712 2346 803 2412 modd
819 2349 993 2411 ‘civitatum
1011 2347 1124 2412 vicina·

120 2457 186 2500 rum
205 2432 346 2516 premia,’
363 2449 402 2509 et,
426 2434 475 2496 ubi
494 2435 593 2517 pronis
608 2435 735 2498 militum
752 2434 871 2498 auribus
887 2434 1123 2518 accipiebantur,

121 2521 233 2606 ‘ipsius
260 2518 411 2584 exercitiis
436 2521 570 2603 pericula
600 2537 630 2585 et
658 2520 865 2585 contumelias’
890 2536 1122 2604 conquerentes,

119 2605 328 2672 accendebant
344 2607 469 2670 animos.
516 2605 584 2670 Neo
601 2608 705 2692 procul
721 2608 867 2672 seditione
890 2607 1025 2682 aberant,
1048 2605 1124 2670 ciam

121 2692 315 2759 Hordeonius
340 2689 470 2756 Flaccus
494 2695 597 2756 ‘abire
621 2693 776 2775 Legatos,’
791 2709 884 2778 utque
908 2694 1054 2756 occultior
1077 2693 1122 2756 di-

121 2801 240 2865 gressus
256 2791 346 2853 esset,
364 2784 473 2840 ‘nocte
490 2782 594 2844 castris
617 2780 779 2844 excedere’
796 2779 890 2844 ubet.
935 2777 1011 2842 lnde
1034 2794 1122 2844 atrox

125 2889 234 2942 rumor,
258 2864 473 2928 affirmantibus
501 2867 661 2952 plerisque,
688 2802 887 2942 ‘interibctos
915 2887 961 2942 ac,
987 2866 1042 2928 nisi
1064 2866 1121 2948 ipsi

122 2954 324 3028 consulerent,
349 2949 423 3026 sore,
447 2965 480 3012 ut
504 2955 638 3016 acerrimi
663 2953 800 3030 militum,
825 2969 856 3017 et
879 2953 1033 3037 praesentia
1048 2973 1123 3014 con·

143 3041 229 3115 nesti,
256 3061 312 3123 per
327 3037 464 3102 tenebras
486 3051 516 3100 et
540 3038 684 3101 inscitiam
700 3055 869 3104 ceterorum
891 3038 1122 3102 occiderentur.'

122 3065 357 3207 bhsrrtngunrur
379 3126 501 3188 interae
518 3125 609 3186 tacito
633 3124 745 3186 soedere
768 3127 927 3208 legiones..
958 3125 1125 3188 Asciscitur

122 3213 300 3278 auxiliorum
318 3211 424 3286 miles;
450 3209 546 3293 primb
565 3227 734 3293 suspectus,
757 3227 908 3295 tanquam,
930 3211 1122 3276 circumdatis

122 3300 295 3365 cohortibus
322 3298 447 3380 alisque,
478 3297 609 3380 impetus
635 3297 664 3360 in
691 3297 825 3379 legiones
857 3313 1017 3380 pararetur,
1048 3319 1122 3361 mox

123 3387 231 3451 eadem
256 3383 352 3456 acrius
380 3383 526 3446 volvens:
549 3383 680 3446 faciliore
704 3385 780 3446 inter
795 3383 889 3446 malos
911 3405 1060 3446 consensu
1084 3384 1122 3448 ad

121 3469 247 3546 bellum,
264 3469 354 3554 quam
378 3469 406 3530 in
424 3491 499 3552 pace
515 3470 551 3532 ad
570 3469 773 3532 concordiam.

166 3555 240 3620 LV.
266 3555 413 3618 inferioris
430 3573 529 3618 tamen
544 3555 713 3620 Germaniae
729 3555 862 3637 legiones
877 3555 993 3618 solenni
1009 3555 1124 3618 Kalen·

124 3646 228 3709 darum
256 3642 463 3706 Januariarum
488 3657 677 3706 sacramento
694 3662 747 3724 pro
763 3640 863 3704 Galbai
878 3643 1001 3719 adactae,
1027 3642 1124 3705 multia

124 3731 314 3798 cunctatione
331 3745 362 3794 et
384 3731 454 3794 raris
470 3730 634 3814 primorum
657 3728 794 3792 ordinum
811 3728 952 3798 vocibus:
975 3729 1069 3794 ceteri
1084 3729 1124 3792 si·
