2556 4446
519 363 806 446 Sorruuucnrurt.
1091 373 1157 444 267

157 547 301 626 lg'noscat
314 548 413 622 itaque
427 545 519 620 Aper,
531 545 557 603 si
571 543 658 623 hujus
673 542 944 620 temporisingenia
955 543 1100 619 majarum
1114 545 1159 604 in·

159 629 255 706 geniis
277 645 337 686 non
357 625 531 690 anteferam,
547 624 617 682 licet
632 636 732 686 nostra
754 623 875 681 minime
895 621 1068 698 deprimam.
1087 639 1094 650 ’·
1111 622 1159 683 Ne

158 717 333 764 succenseat
347 703 487 770 Messala,
498 721 585 780 quem
598 719 628 761 tu
638 721 769 778 quoque,
782 700 931 766 Secunde,
941 707 1105 759 assectatua
1115 717 1157 760 es.

159 786 250 848 Vitia,
265 801 329 860 que
349 784 502 850 acerrime,
519 793 557 841 ,ut
576 784 788 860 integerrimos
810 781 934 838 decebat
952 782 1042 847 rlros,
1059 782 1159 857 exagi-

160 866 253 930 tastis,
276 883 333 940 ego
355 863 466 939 pariter
487 861 546 919 odi.
588 861 650 919 Vos
666 873 764 919 umen
779 859 947 918 rhetoribus
961 859 1039 918 haud
1053 861 1096 918 ita
1115 861 1159 917 in·

158 944 259 1000 sensus
275 943 446 1009 voluissem,
462 959 521 1000 non
536 940 616 1016 quod
630 959 683 999 eos
698 939 874 998 renovanda
889 939 1066 1015 eloquentiae
1077 938 1159 997 babi-

158 1020 203 1080 les
217 1022 395 1089 existimem,
411 1021 462 1080 sed
477 1021 556 1096 quod
572 1019 680 1078 multos
695 1019 829 1076 noverim
849 1037 964 1077 morum
978 1019 1159 1097 integritate,

159 1101 317 1159 severitate
332 1101 502 1176 disciplinae,
515 1099 666 1156 literarum
673 1099 756 1156 cultu
772 1099 932 1156 formanda
942 1100 1092 1176 juventuti
1106 1098 1162 1156 uti·

159 1180 299 1238 lissimos.
342 1179 409 1237 Hos
424 1179 512 1236 etiam
527 1179 605 1234 inter
620 1195 695 1235 unus
705 1179 836 1234 eminere
846 1179 945 1252 ,copia
957 1179 1007 1252 qui
1018 1187 1162 1254 quantum

160 1259 216 1317 hac
230 1259 261 1315 in
275 1277 306 1315 re
321 1258 464 1333 consequi
474 1257 552 1314 valet
562 1255 690 1313 humana
704 1255 859 1320 industria,
872 1266 984 1314 tantum
1001 1257 1160 1336 prestabit.

160 1339 248 1396 Illum
264 1339 346 1412 prior
364 1349 433 1394 aetas
455 1336 613 1403 laudasset,
635 1336 790 1393 mirabitur
811 1346 940 1410 postera.
983 1339 1024 1395 At
1038 1355 1075 1394 ne
1096 1337 1160 1399 ubi.

160 1416 309 1483 Secunde,
327 1435 400 1473 vana
422 1434 491 1492 spes
512 1415 635 1473 illudat:
658 1433 755 1491 neque
776 1414 872 1492 hujus,
896 1433 992 1491 neque
1013 1417 1088 1474 alius
1113 1435 1163 1474 cu·

156 1497 252 1574 jusvis
280 1497 405 1555 artificio
427 1497 586 1554 reviviscet
606 1495 786 1571 eloquentia,
808 1512 907 1568 quam,
936 1499 1001 1553 cum
1029 1495 1162 1554 nondum

160 1576 359 1652 pullulassent
374 1586 481 1634 nostrae
502 1576 595 1633 etatis
610 1575 690 1642 vitia,
706 1591 805 1632 rerum
826 1582 856 1630 et
877 1583 1043 1651 temporum
1061 1591 1163 1632 neces·

159 1657 246 1715 sitate
261 1657 423 1713 amisimus.
792 1671 795 1678 ·

178 1777 180 1782 .
204 1737 248 1790 12.
272 1733 355 1810 Nihil
376 1734 456 1791 eninr
477 1729 527 1789 hic
555 1739 695 1789 constans
716 1740 747 1788 et
767 1743 927 1790 aternum:
949 1733 1049 1790 omnia
1069 1739 1162 1790 muta-

161 1813 235 1870 tioni
251 1812 390 1868 obnoxia.
433 1811 532 1885 Atque
547 1819 580 1869 ut
594 1811 770 1887 corporibus
785 1811 973 1880 valetudinis,
988 1811 1028 1869 ita
1044 1829 1163 1886 quoque

160 1891 289 1966 ingeniis
318 1889 407 1947 fatale
430 1899 477 1946 est
496 1906 644 1950 summum
670 1890 812 1948 claritatis
836 1891 1061 1949 incrementum.
1103 1891 1164 1950 Ubi

160 1971 286 2046 primum
302 1985 436 2044 crescere
452 1987 512 2026 non
528 1979 664 2046 possunt,
683 1972 783 2028 statim
798 1969 984 2038 decrescunt,
1000 1981 1030 2029 et
1045 1989 1165 2048 semper

160 2048 347 2109 inuetertus
367 2045 504 2124 vergunt.
546 2048 591 2106 Ea
619 2059 665 2124 est
685 2048 879 2107 humanarum
904 2069 1004 2108 rerum
1025 2065 1164 2128 suprema

161 2129 221 2196 lex,
237 2129 284 2185 cui
296 2128 393 2185 omnis
409 2138 488 2195 satas,
504 2138 610 2206 'gentes
625 2147 740 2196 omues,
755 2148 819 2204 quae
841 2130 886 2188 sui
908 2133 1081 2188 memoriam
1097 2131 1165 2189 reli-

161 2213 263 2284 quere,
280 2218 348 2265 ante
369 2225 425 2265 nos
447 2219 618 2283 paruerunt.
659 2208 788 2286 Insuper
802 2209 883 2286 viget
897 2211 1017 2286 egregia
1035 2211 1164 2286 quidem,
1259 2259 1260 2270 ,

161 2287 234 2346 dura
249 2297 357 2354 tamen,
374 2297 485 2346 naturae
500 2289 674 2355 necessitas,
687 2307 836 2364 nunquam
849 2293 943 2365 magle
955 2292 1045 2363 quam
1059 2291 1089 2346 in
1101 2289 1166 2347 lite·

162 2368 203 2426 ris
219 2377 333 2444 potens.
375 2366 443 2425 Una
459 2368 538 2424 enim
554 2377 584 2425 et
597 2367 725 2442 simplex
741 2369 859 2424 unicum
879 2371 991 2424 tautum
1009 2367 1098 2426 modo
1111 2385 1163 2445 pa·

163 2449 233 2505 titur
246 2445 407 2522 exemplar,
424 2443 461 2502 ad
476 2445 566 2520 quod,
582 2449 607 2504 si
628 2447 721 2504 semel
737 2447 866 2513 emicuit,
882 2446 1025 2505 accedere
1040 2447 1165 2507 arduum

160 2536 217 2590 est,
233 2526 313 2600 quod
328 2537 469 2601 superare
484 2524 561 2582 velle
576 2543 684 2584 vanum
700 2535 746 2584 est
760 2535 790 2583 et
804 2525 974 2584 absurdum.
1017 2525 1164 2585 Inelucta-

161 2605 222 2663 bile
236 2606 309 2663 illud
324 2607 416 2664 satum
437 2621 475 2662 ue
493 2607 613 2662 vincere
628 2605 747 2681 quidem
765 2607 864 2682 potuit
884 2607 960 2682 ipsa.
971 2605 1096 2674 Graecia,
1116 2609 1166 2666 loe·

164 2685 344 2744 cundissima
365 2686 552 2763 ingeniorum
575 2701 692 2758 parens.
735 2685 850 2744 Unicus
864 2685 907 2744 illi
922 2687 1086 2751 Homerus,
1102 2687 1166 2745 uni·

163 2785 217 2824 cus
232 2766 331 2830 Plato,
347 2767 451 2824 unicus
463 2764 693 2823 Demosthenes.
735 2765 806 2823 Pari
826 2765 892 2843 lege
908 2767 1087 2842 premimur3
1109 2785 1166 2824 nec

163 2864 271 2903 vereor
294 2845 421 2918 superba
443 2845 547 2902 luturae
568 2845 661 2902 aetatis
680 2843 810 2920 judicia:
833 2857 865 2904 ut
885 2845 963 2920 apud
985 2865 1040 2906 nos
1062 2847 1166 2904 unicus

163 2935 210 2980 est
224 2923 376 2998 Virgilius,
393 2922 497 2980 unicus
518 2941 638 2998 quoque
653 2924 711 2980 erit
725 2922 842 2981 Cicero.
885 2923 945 2981 Per
960 2927 1166 3002 septingentos

164 3001 261 3062 ferme¹
272 3020 367 3058 annos
378 3001 414 3058 de
429 3001 485 3059 hac
500 3001 663 3079 exemplari
679 3001 775 3080 gloria
794 3003 960 3060 oratoribus
979 3005 1088 3060 uostris
1104 3023 1167 3062 cer·

164 3091 226 3138 tare
242 3080 334 3138 licuit.
377 3081 540 3156 Postquam
556 3082 686 3140 intonuit
700 3082 825 3140 sublime
840 3091 871 3139 et
891 3081 1168 3158 eloquentissimum

163 3160 320 3218 Ciceronis
335 3179 378 3226 os,
394 3160 482 3217 desiit
495 3171 656 3220 certamen.
699 3161 855 3236 Occupatd
869 3161 1045 3236 eloquentiae
1060 3160 1166 3237 glorie,

164 3257 242 3297 nova
257 3237 321 3295 laus
337 3258 390 3314 per
410 3239 552 3296 disertum
568 3239 686 3297 dicendi
708 3260 801 3318 genus
823 3240 879 3298 suit
896 3239 1063 3316 quaerenda,
1085 3239 1165 3315 quud

164 3320 228 3395 ipsa
242 3319 407 3376 invexisset
422 3329 531 3376 mutata
546 3319 716 3394 reipublicae
731 3320 835 3377 forma.

208 3397 253 3454 13.
274 3397 477 3473 Temporibus
492 3399 570 3454 enim
593 3409 624 3456 et
643 3399 768 3456 sortunae
782 3415 902 3474 semper
915 3405 1110 3474 attemperata
1125 3407 1171 3456 est

164 3475 269 3534 oratio.
312 3477 400 3551 Apud
414 3487 548 3554 agrestes
564 3477 702 3552 serosque
717 3477 865 3540 homines,
876 3496 969 3553 pauca
981 3475 1053 3534 sunt
1068 3477 1168 3544 verba,

165 3555 247 3622 dura,
262 3573 297 3612 ac
312 3557 361 3612 vix
373 3556 485 3631 juncta,
501 3575 565 3630 quae
580 3558 750 3614 necessitati
766 3561 876 3614 tantum
892 3557 1048 3614 sufficiant.
1090 3557 1170 3615 Con·

164 3636 213 3692 tra
226 3636 272 3701 iis,
288 3636 338 3709 qui
354 3634 526 3709 Principum
542 3636 671 3694 arbitriis
686 3645 838 3712 reguntur,
854 3655 1075 3712 regnorumque
1091 3647 1170 3694 tran·

164 3713 304 3787 quillitati
319 3724 349 3771 et
363 3715 469 3789 opibus
484 3715 651 3782 insumere,
667 3713 789 3792 elegans
803 3717 1003 3791 copiosusque
1013 3735 1122 3781 sermo,
1132 3713 1169 3772 ad

63 3824 66 3830 ·
164 3794 396 3850 assentationem
412 3795 605 3870 compositus,
616 3796 667 3869 qui
682 3796 744 3852 otio
756 3804 785 3850 et
799 3793 881 3852 luxui
892 3795 1009 3853 abunde
1019 3801 1167 3870 suppetat.

166 3871 313 3930 Gentibus
335 3883 443 3940 autem,
458 3891 524 3948 quae
538 3875 689 3932 communi
704 3875 854 3932 societatis
876 3873 1035 3952 legumque
1050 3871 1169 3930 vinculo

166 3951 364 4023 continentur,
380 3964 410 4010 at
421 3954 593 4030 primarum
608 3953 753 4012 libertatis
763 3952 813 4030 jus
828 3950 987 4020 retinuere,
1009 3951 1090 4028 quod
1111 3951 1170 4010 sin·
1253 3953 1254 3958 ’
