2484 4316
115 258 157 325 A.
170 257 292 342 C.69.]
398 257 541 323 Hrs'rort.
565 257 641 323 Lm.
665 257 840 334 Quassus.
1058 263 1120 326 157

116 447 199 512 pem,
219 423 404 510 postremrlm
420 425 531 487 coelurn
548 445 583 487 ao
598 423 684 488 Deos
700 424 861 489 obtestari:
886 423 985 488 donec
1000 424 1120 490 Mucia·

115 535 184 590 nus,
211 520 356 578 ‘cunctos
386 510 522 597 ejusdem
547 513 736 588 sacramenti,
763 511 899 596 ejusdem
926 510 1120 596 Imperatoris

116 599 237 664 milites'
254 598 420 684 appellans,
447 597 521 660 salso
546 597 644 661 timori
671 597 790 660 obviarn
818 597 884 660 iret.
931 597 1073 685 Namque
1089 615 1120 664 et

116 685 214 750 victor
235 685 388 748 exereitus
413 684 545 747 clamore
561 685 708 766 lacrymas
729 705 832 746 eorum
845 683 981 768 juvabat.
1028 686 1119 772 Isque

115 771 183 837 finis
198 771 323 835 ilttdie.
369 770 481 834 Paucis
504 769 571 854 pdst
595 770 712 847 diebus,
740 771 943 855 alloquentem
970 771 1121 838 Domitia-

115 880 190 924 num
206 859 312 922 firmati
322 857 388 943 jam
403 857 565 942 excepere.
612 856 764 941 Spemunt
779 857 896 922 oblatos
911 879 1017 942 agros:
1044 861 1121 924 ‘mi-

116 947 211 1010 litiam
228 960 258 1009 et
273 944 430 1030 stipendia’
445 957 542 1007 orant.
589 942 702 1006 Preces
727 958 822 1021 erant,
847 945 900 1007 sed
926 947 1033 1030 quibus
1048 969 1121 1010 con-

117 1033 221 1099 tradici
244 1053 304 1095 non
328 1043 448 1116 posset:
481 1031 569 1112 igitur
597 1030 627 1092 in
650 1030 825 1094 Pretorium
853 1033 981 1116 accepti.
1026 1033 1120 1113 Dein,

119 1119 227 1204 quibus
243 1133 312 1183 aetas
334 1132 366 1182 et
385 1117 468 1204 justa
484 1117 640 1202 stipendia,
656 1117 767 1180 dimissi
783 1139 853 1181 cum
870 1118 993 1199 honore,
1017 1117 1066 1184 alii
1082 1123 1122 1185 ob

117 1207 259 1291 culpam3
280 1205 334 1269 sed
357 1205 482 1289 carptim
506 1226 541 1267 ac
568 1205 695 1286 singuli:
728 1225 788 1290 quo
814 1205 961 1270 tutissimo
987 1207 1122 1272 remedio

117 1313 282 1357 consensus
298 1291 494 1356 multitudinis
506 1305 698 1354 extenuatur.

163 1377 298 1443 XLVll.
321 1378 469 1442 Ceterlrm
486 1377 597 1441 verbne
613 1378 766 1462 pauperie,
783 1399 819 1440 an
835 1379 878 1441 uti
895 1379 1056 1459 videretur,
1072 1403 1123 1446 ac·

117 1479 182 1530 tum
195 1467 223 1529 in
240 1465 366 1542 Senatu,
383 1473 435 1528 ‘ut
450 1466 620 1529 sexcenties
632 1464 803 1528 sestertium
819 1485 836 1526 a
852 1466 973 1548 privatis
986 1482 1123 1532 mutuum

118 1552 329 1637 acciperetur!
374 1551 617 1635 Praepositusque
644 1552 671 1614 ei
693 1573 773 1614 curae
796 1550 947 1634 Poppaeus
965 1552 1124 1618 Silvanus:

117 1659 177 1702 nec
193 1637 289 1701 multd
305 1637 374 1722 pdst
388 1639 551 1700 necessitas
567 1638 647 1714 abiit,
658 1638 721 1700 sive
737 1638 846 1700 omissa
862 1638 1022 1701 simulatio.
1061 1641 1126 1703 Ab·

119 1725 217 1806 rogati
243 1725 324 1798 inde,
352 1725 451 1806 legem
475 1723 591 1786 serente
615 1723 802 1799 Domitiano,
828 1723 1022 1802 Consulatus,
1050 1748 1125 1810 quos

119 1809 261 1874 Vitellius
291 1809 427 1872 dederat.
473 1808 641 1894 Funusque
664 1809 845 1874 Censorium
877 1809 986 1874 Flavio
1012 1812 1125 1878 Sabino

121 1897 264 1960 ductum:
289 1917 398 1977 magna
413 1895 596 1960 documenta
612 1897 755 1962 instabilis
770 1896 924 1988 Fortunae,
946 1919 1124 1986 summaque

121 1997 154 2048 et
169 1983 229 2046 ima
245 1983 409 2046 miscentis.

166 2067 318 2134 XLVlll.
343 2069 408 2132 Sub
423 2069 503 2132 idern
520 2082 641 2154 tempus
656 2069 695 2132 L.
713 2069 786 2133 Piso
801 2069 969 2135 Proconsul
984 2073 1126 2140 interfici·
1232 2121 1233 2128 κ

120 2171 180 2222 tur.
226 2155 277 2219 Es
302 2155 341 2218 de
366 2155 453 2218 oaede
478 2155 568 2241 quam
600 2157 753 2220 verissime
779 2158 954 2241 expediam,
981 2160 1006 2223 si
1027 2181 1124 2243 pauca

119 2243 212 2328 suprd
227 2243 386 2327 repetiero,
403 2243 441 2305 ab
463 2243 547 2305 initio
569 2243 727 2330 causisque
750 2244 853 2307 talium
878 2243 1042 2310 facinorum
1063 2269 1123 2312 non

120 2330 261 2404 absurda,
307 2327 406 2413 Legio
421 2329 450 2392 in
468 2329 574 2392 Airicd
586 2331 756 2416 auxiliaque
776 2331 907 2394 tutandis
923 2331 1043 2416 imperii
1058 2335 1125 2397 fini-

119 2419 188 2496 bus,
203 2417 260 2480 sub
271 2415 354 2478 Divo
370 2417 507 2499 Augusto
522 2415 708 2501 Tiberioque
725 2417 927 2501 Principibus,
945 2418 1124 2484 Proconsuli

120 2503 277 2590 parebant.
323 2501 401 2566 Mox
418 2502 512 2566 Caius
528 2501 641 2580 Caesar,
658 2503 792 2566 turbidus
814 2505 915 2582 animi,
932 2525 967 2567 ac
982 2505 1029 2568 M.
1047 2506 1125 2570 Sila-

120 2613 206 2668 num,
228 2589 414 2654 obtinentem
439 2589 586 2666 Asricam,
612 2603 761 2666 metuens,
788 2590 918 2653 ablatam
945 2589 1124 2658 Proconsuli

120 2677 284 2760 legionem,
307 2676 398 2740 misso
421 2677 451 2738 in
474 2697 542 2739 eam
565 2696 629 2738 rem
653 2675 773 2756 Legato
796 2677 927 2739 tradidit.
974 2677 1124 2762 AEquatus

121 2764 198 2828 inter
214 2763 288 2826 duos
305 2762 518 2826 beneficiorum
534 2783 686 2838 numerus,
703 2777 734 2824 et
751 2763 852 2825 mixtis
868 2763 1022 2848 utriusque
1038 2787 1124 2828 man-

122 2851 210 2927 datis,
227 2849 374 2912 discordie
390 2849 522 2933 quesita,
533 2865 680 2932 auctaque
697 2869 789 2931 pravo
804 2849 977 2912 certamine.
1024 2850 1126 2933 Lega·
1232 2863 1233 2866 ’

122 2951 222 3001 torum
244 2937 287 2999 vis
310 2935 443 2998 adolevit
466 2935 658 2997 diuturnitate
681 2935 782 3011 officii,
799 2935 847 2996 vel
870 2935 938 3018 quia
961 2935 1123 3001 minoribus
1232 2961 1233 2970 ¹

122 3022 218 3108 major
233 3021 391 3086 aemulandi
410 3042 500 3098 cura3
524 3020 744 3084 Proconsulum
769 3021 1026 3104 splendidissimus
1042 3023 1124 3107 quis·

122 3131 182 3196 que
197 3109 348 3172 securitati
365 3105 469 3189 magis,
483 3129 572 3191 quam
589 3107 730 3191 potentiae
745 3107 954 3170 consulebant.
1053 3135 1056 3142 ·

167 3194 289 3259 XLIX.
314 3194 377 3258 Sed
400 3207 463 3257 turn
487 3195 638 3276 legionem
664 3194 693 3256 in
716 3192 819 3256 Africa
841 3193 965 3275 regebat
982 3191 1123 3261 Valerius

123 3281 245 3358 Festus,
261 3295 422 3344 sumtuose
446 3280 666 3356 adolescentie,
682 3301 781 3364 neque
805 3281 923 3344 modica
938 3281 1076 3364 cupiens,
1092 3301 1123 3350 et

123 3369 265 3432 affinitate
277 3366 392 3430 Vitellii
408 3367 525 3430 anxius.
563 3366 593 3429 ls
605 3367 716 3430 crebris
727 3368 914 3430 sermonibus
923 3371 1123 3436 tentaveritne

122 3456 267 3520 Pisonem
297 3455 334 3517 ad
362 3475 409 3516 res
436 3475 539 3530 novas,
565 3475 601 3515 an
629 3454 753 3517 tentanti
777 3455 927 3532 restiterit,
952 3455 1121 3537 incertum3

33 3579 41 3593 .
123 3543 265 3629 quoniam
281 3555 399 3604 secreto
411 3561 514 3604 eorum
530 3562 620 3602 nemo
636 3540 731 3616 affirit,
744 3554 785 3616 et,
801 3542 902 3604 occiso
918 3541 1041 3618 Pisone,
1058 3545 1124 3627 ple-

122 3632 207 3714 rique
223 3628 259 3691 ad
276 3628 400 3713 gratiam
416 3626 613 3690 interfectoris
629 3626 821 3690 inclinavere.
868 3626 936 3690 Nec
952 3629 1121 3711 ambigitur,

123 3716 307 3800 provinciam
331 3729 362 3778 et
380 3715 505 3777 militem
532 3714 662 3776 alienato
688 3735 759 3796 erga
773 3713 995 3796 Vespasianum
1022 3716 1122 3780 animo

124 3802 232 3868 luisse:
258 3817 289 3867 et
311 3800 432 3888 quidam
449 3799 661 3951 eVitelliapip,
687 3802 761 3864 urbe
785 3799 912 3886 profugi,
934 3801 1123 3866 ostentabant
