2514 4318
157 225 252 294 A.C.
268 223 338 310 to]
439 221 582 287 Hrsroa.
607 217 682 283 Lm.
706 217 876 294 Qurnrns.
1101 215 1163 278 185

157 391 230 474 tigio
251 388 338 454 turris
360 383 515 464 Antonio,
531 384 560 446 in
577 383 726 446 honorem
749 379 797 444 M.
819 378 945 442 Antonii
972 378 1009 442 ab
1034 373 1159 442 Herode

157 476 321 562 appellata.
507 483 510 487 '

160 603 163 611 ·
201 559 277 626 XII.
301 559 468 644 Templum
483 558 513 620 in
529 556 654 620 modum
671 555 747 618 arcis
764 553 936 638 propriique
952 552 1039 630 muri,
1055 551 1158 614 labore

157 662 186 712 et
203 667 295 732 opere
311 660 381 708 ante
397 646 491 708 alios:
516 643 588 727 ipsa
612 643 753 727 porticus,
780 639 847 724 quis
873 640 1020 724 templum
1045 639 1159 700 ambie-

156 735 253 810 batur,
285 732 440 814 egregium
469 729 738 814 propugnaculum.
784 725 869 790 Fons
898 726 1038 810 perennis
1062 747 1157 809 aquae,

157 821 256 884 cavati
272 819 328 882 sub
342 816 423 881 terri
439 831 577 879 montes:
600 829 630 877 et
648 815 768 898 piscinae
789 813 985 897 cisternaeque
1005 811 1159 876 servandis

157 906 321 970 imbribus:
344 903 542 988 praeviderant
563 901 747 977 conditores,
771 919 812 962 ex
839 899 1012 962 diversitate
1029 919 1158 976 morum,

157 993 263 1056 crebra
279 991 374 1053 bella:
399 989 469 1052 iude
484 1001 594 1053 cuncta
615 987 751 1073 quamvis
773 985 918 1049 adversita
940 987 1063 1069 longum
1079 985 1159 1048 obsi·

157 1079 261 1142 dium:
286 1091 316 1140 et
331 1097 349 1138 a
364 1075 513 1160 Pompeio
536 1075 716 1159 expugnatis
740 1087 838 1136 metus
858 1086 948 1157 atque
964 1093 1036 1136 usus
1060 1071 1159 1156 plera·

156 1185 215 1249 que
245 1161 462 1226 monstravere.
497 1157 622 1247 ¹Atque,
654 1182 708 1245 per
737 1159 891 1222 avaritiam
919 1158 1157 1222 Claudianorum

156 1263 327 1334 temporum
354 1262 436 1311 emto
453 1247 522 1334 jure
547 1246 710 1324 muniendi,
734 1245 871 1310 struxere
896 1267 996 1308 muros
1018 1245 1047 1308 in
1072 1264 1158 1328 pace,

155 1350 298 1422 tanquam
314 1334 351 1398 ad
368 1335 502 1398 bellum:
527 1332 638 1416 magnit
658 1333 789 1396 colluvie
806 1345 836 1396 et
851 1346 1019 1395 ceterarum
1038 1332 1157 1396 urbium

155 1423 244 1487 clade
260 1421 357 1485 aucti:
382 1443 451 1483 nam
469 1421 726 1504 pervicacissimus
743 1420 868 1502 quisque
889 1419 959 1481 illuc
976 1416 1157 1501 perfugerat,

156 1508 255 1594 abque
271 1507 439 1571 seditiosiirs
454 1507 594 1587 agebant.
640 1503 719 1568 Tres
729 1504 846 1581 Duces,
859 1504 982 1567 totidem
994 1503 1157 1567 exercitus.

155 1594 306 1658 Extrema
321 1606 352 1656 et
372 1592 515 1654 latissima
537 1591 682 1653 moenium
706 1590 801 1666 Simo,
818 1611 907 1674 quem
931 1605 961 1654 et
978 1589 1157 1670 Bargioram

153 1681 314 1758 vocabant,
331 1677 461 1741 mediam
473 1677 578 1738 urbem
592 1675 737 1752 Joauues,
754 1676 901 1758 templum
913 1674 1090 1752 Eleazarus,
1108 1677 1158 1740 tir·

154 1777 301 1829 maverat.
348 1761 543 1826 Multitudine
556 1775 586 1824 et
596 1763 685 1824 armis
697 1761 832 1824 Joauues
842 1783 877 1824 ac
888 1761 983 1838 Simo,
992 1761 1157 1826 Eleazarus

154 1851 233 1928 loeo,
248 1849 391 1935 pollebat.
438 1847 501 1912 Sed
518 1849 627 1932 praelia,
644 1849 741 1924 dolus,
761 1848 899 1910 incendia
919 1848 997 1910 inter
1010 1849 1103 1932 ipsos,
1126 1863 1158 1914 et

155 1957 264 2020 magna
277 1935 320 1998 vis
333 1934 473 1997 frumeuti
484 1935 632 1996 ambusta.
667 1933 745 1996 Mox
757 1932 903 2010 Joauues,
914 1934 1009 1998 missis
1023 1955 1077 2018 per
1088 1955 1159 2019 spe-

154 2023 234 2087 ciem
257 2021 452 2098 sacrificandi,
469 2021 519 2104 qui
536 2019 717 2084 Eleazarum
742 2041 925 2105 manumque
946 2019 1012 2106 ejus
1034 2021 1158 2086 obtrun-

154 2122 269 2186 carent,
281 2107 395 2192 templo
409 2107 540 2190 potitur:
562 2108 602 2169 ita
611 2107 641 2169 in
654 2107 728 2171 duas
737 2106 882 2170 sactiones
893 2107 998 2170 civitas
1010 2108 1157 2188 discessit,

155 2196 254 2259 donec
268 2192 535 2279 propinquantibus
551 2191 710 2273 Romanis,
727 2193 840 2257 bellurn
852 2207 1013 2258 externum
1033 2216 1158 2259 concor·

155 2283 235 2346 diem
250 2294 382 2364 pareret.
970 2301 972 2308 ·
1091 2323 1093 2328 ,

155 2397 158 2406 ·
199 2366 291 2432 Xlll.
315 2365 492 2431 Evenerant
523 2367 669 2452 prodigia,
700 2389 765 2452 quae
789 2389 889 2454 neque
914 2367 1030 2446 hostiis,
1056 2381 1157 2455 neque

153 2455 229 2519 votis
245 2455 327 2538 piare
344 2453 387 2517 saa
403 2454 494 2518 babet
509 2475 584 2536 gens
595 2455 797 2540 superstitioni
812 2456 954 2534 obnoxia,
965 2456 1157 2538 religionibus

154 2542 291 2604 adversa.
324 2539 405 2602 Visae
419 2561 472 2625 per
486 2541 598 2604 eoelum
608 2563 788 2606 concurrere
800 2543 893 2620 acies,
909 2543 1056 2606 rutilantia
1073 2565 1157 2608 arma

153 2641 185 2691 et
201 2628 298 2692 subito
321 2627 444 2690 nubium
468 2627 537 2714 igne
560 2629 713 2691 collucere
740 2629 899 2712 templum.
945 2628 1092 2715 Expassae
1109 2651 1156 2694 re-

153 2713 246 2798 pente
272 2713 389 2776 delubri
406 2712 484 2777 sores
499 2728 531 2777 et
553 2715 654 2777 audita
677 2715 773 2799 major
791 2714 923 2778 lrumanri
940 2737 1012 2792 vox,
1029 2715 1157 2780 ‘Exce-

155 2801 228 2864 dere
240 2799 326 2862 Deos
337 2799 356 2862 :'
372 2799 459 2862 simul
472 2800 577 2881 ingens
587 2815 687 2864 motus
699 2800 926 2864 excedentium.
972 2800 1053 2874 Quae
1067 2804 1155 2886 pauci

153 2885 184 2948 in
209 2901 322 2949 metum
354 2885 533 2948 trahebant:
559 2884 693 2969 pluribus
717 2887 870 2968 persuasio
900 2887 1007 2963 inerat,
1029 2889 1157 2972 antiquis

154 2971 354 3035 Sacerdotum
367 2972 458 3034 literis
472 2971 629 3046 contineri,
642 2993 680 3032 eo
696 2971 760 3054 ipso
775 2985 911 3054 tempore
924 2971 998 3050 sore,
1010 2987 1042 3036 ut
1059 2976 1156 3040 vales·

153 3073 238 3122 oeret
259 3055 382 3134 Oriens,
405 3054 590 3141 profectique
612 3055 721 3118 Judaes
743 3079 842 3119 rerum
866 3057 1052 3141 potirenturr
1075 3059 1154 3133 Qua

152 3145 297 3226 ambages
307 3140 527 3226 Vespasianum
541 3165 576 3205 ac
587 3142 693 3204 Titum
706 3144 913 3227 predixerant.
961 3144 1024 3207 Sed
1039 3147 1154 3228 vulgus,

152 3251 237 3294 more
250 3231 387 3291 humanae
402 3229 562 3312 cupidinis,
578 3229 632 3292 sibi
646 3240 760 3292 tantam
774 3229 901 3294 satorum
918 3232 1153 3313 magnitudinem

153 3317 347 3400 interpretati,
360 3337 398 3378 ne
414 3316 545 3378 adversis
561 3316 682 3400 quidem
694 3316 730 3379 ad
742 3337 812 3380 vera
828 3318 1028 3382 mutabantur.
1074 3319 1156 3385 Mut-

152 3404 313 3468 titudinem
343 3401 545 3478 obsessorum,
575 3404 673 3466 omnis
703 3405 807 3480 aetatis,
832 3405 913 3468 virile
944 3425 980 3468 ac
1006 3406 1154 3472 muliebre

152 3510 253 3566 secus,
277 3505 421 3554 sexcenta
448 3490 540 3553 millia
564 3489 654 3554 luisse
678 3491 862 3576 accepimus.
908 3491 1004 3556 Arma
1027 3495 1154 3574 cunetis,

155 3575 207 3660 qui
222 3575 302 3638 serre
319 3590 459 3660 possent:
484 3591 513 3639 et
531 3577 642 3659 plures,
659 3577 749 3661 quiam
767 3599 821 3662 pro
839 3599 975 3654 numero,
992 3580 1154 3646 audebant.

154 3661 325 3726 Obstinatio
349 3663 418 3726 viris
442 3661 633 3748 loeminisque
657 3683 728 3748 par:
760 3686 807 3740 ac,
833 3665 857 3727 si
883 3664 1042 3730 transferre
1066 3667 1156 3734 sedes

153 3763 343 3834 cogerentur,
358 3748 453 3834 major
469 3750 534 3814 vite
551 3751 767 3900 metirgzqubm
784 3752 897 3817 mortis.
943 3749 1034 3816 Hanc
1048 3753 1156 3828 adverk
