2484 4316
123 191 188 258 rto
420 185 462 252 C.
485 186 597 258 Coeu.
622 187 747 252 Tactrr
919 187 971 272 [A.
987 185 1030 251 U.
1047 185 1136 252 822.

122 352 259 440 ejusdem
276 351 442 437 proditione
463 371 567 427 cesos,
585 351 674 416 nullis
689 349 970 435 supervenientibus
993 351 1134 414 auxiliis.

122 441 230 526 Ignota
246 441 310 503 hec
325 439 432 502 ceteris
448 438 641 514 exercitibus,
665 458 764 521 neque
787 435 961 521 Imperatori
976 459 1031 500 suo
1047 459 1135 500 nun·

124 529 207 592 tiari:
232 527 302 590 cltm
318 547 442 589 accursu
458 539 500 588 tot
516 525 736 606 provinciarum
759 523 910 605 exstingui
930 545 1039 607 repens
1056 545 1134 607 per·

121 615 193 678 lidia
208 611 358 697 potuerit.’
404 609 597 674 Hordeonius
612 610 798 692 exemplaria
809 611 943 674 omnium
958 611 1131 687 literarum,

124 701 232 785 quibus
248 721 302 782 per
316 696 431 762 Gallias
445 697 693 780 Britanniamque
708 713 738 760 et
753 695 915 780 Hispanias
931 697 1040 759 auxilia
1056 718 1133 760 ora·

124 787 185 863 bat,
202 785 349 848 exercitui
372 784 527 859 recitavit3
549 783 735 866 instituitque
759 783 923 866 pessimum
946 782 1070 860 lacinus,
1087 797 1132 846 ut

124 873 259 956 epistolae
276 869 449 954 Aquilileris
464 871 615 950 legionum
628 871 855 945 traderentur‚a
870 867 935 953 quis
946 869 1015 932 ante
1027 869 1132 946 militi,
1224 943 1225 948 η

124 959 215 1044 quam
229 958 378 1034 Ducibus,
388 957 576 1040 legebantur.
622 955 704 1019 Tum
721 975 738 1018 e
753 955 901 1018 seditiosis
914 977 1006 1018 unum
1020 957 1130 1018 vinciri

122 1045 219 1132 jubet,
236 1042 330 1126 magis
346 1043 506 1128 usurpandi
517 1042 603 1127 juris,
625 1041 714 1127 qudm
731 1043 799 1127 quia
821 1042 908 1105 unius
929 1043 1019 1126 culpa
1035 1040 1128 1106 soret.

55 1157 58 1162 ·
125 1131 292 1216 Motusque
315 1129 426 1194 Bonnlt
440 1129 593 1192 exercitus
615 1129 645 1192 in
668 1129 817 1192 coloniam
843 1128 1128 1211 Agrippinensem:

125 1218 316 1282 affluentibus
338 1217 456 1280 auxiliis
478 1213 647 1292 Gallorum,
671 1215 721 1298 qui
747 1213 843 1299 primd
866 1236 930 1278 rem
952 1214 1130 1278 Romanam

126 1304 216 1368 enixe
238 1303 400 1389 juvabant:
426 1323 509 1378 mox,
537 1301 759 1364 valescentibus
779 1299 949 1379 Gennanis,
972 1303 1129 1386 pleraeque

16 1465 17 1470 η
124 1391 263 1454 civitates
278 1388 436 1454 adversirm
454 1409 507 1451 nos
530 1401 650 1450 armata
666 1408 719 1471 spe
742 1388 883 1450 libertatis
897 1409 905 1464 ;
928 1404 969 1466 et,
985 1389 1008 1452 si
1024 1389 1132 1451 exuis·

123 1493 193 1542 sent
212 1477 374 1552 servitium,
395 1474 535 1558 cupidine
551 1474 753 1557 imperitandi.
799 1473 955 1538 Gliscebat
974 1473 1132 1538 iracundia

125 1565 290 1647 legionum,
315 1583 373 1626 nec
398 1575 543 1624 terrorem
567 1560 655 1624 unius
680 1560 779 1624 militis
800 1561 920 1624 vincula
939 1561 1129 1624 indiderant:

124 1651 199 1736 quin
224 1649 306 1712 idem
319 1648 383 1712 ‘ille
406 1647 550 1732 arguebat
576 1645 654 1710 ultro
669 1646 901 1710 ‘conscientiam
918 1645 1034 1709 Ducis:
1059 1661 1129 1710 tau·

126 1757 218 1820 quam
234 1735 353 1798 nuntius
368 1734 445 1812 iuter
457 1732 589 1798 Civilem
600 1731 809 1817 Flaccumque
825 1733 900 1796 salso
910 1733 1034 1796 crimine
1044 1733 1131 1798 testis

126 1823 189 1885 veri
205 1819 446 1906 opprimeretur!
491 1819 679 1884 Conscendit
695 1820 820 1882 tribunal
835 1817 954 1882 Vocula
965 1819 1041 1882 mirri
1056 1841 1132 1883 oon·

126 1907 245 1981 stantib,
270 1909 513 1990 prehensumque
537 1907 660 1970 militem
683 1927 719 1969 ac
737 1905 949 1969 vociferantem
971 1907 1064 1968 ‘duci
1086 1905 1127 1968 ad

127 1991 319 2076 supplicium'
332 1991 432 2076 jussit.
478 1991 529 2068 Et,
546 1992 617 2054 dum
635 1993 704 2056 mali
720 2007 841 2076 pavent,
856 1993 987 2078 optimus
1003 1992 1131 2076 quiaque

124 2078 215 2164 jussis
231 2077 368 2162 paruere.
414 2077 496 2142 Exin
506 2099 654 2142 consensu
671 2077 812 2141 ‘Ducem
822 2077 982 2142 Voculam’
999 2099 1132 2162 poscen-

126 2165 217 2238 tibus,
235 2163 367 2228 Flacous
382 2186 530 2228 summam
543 2185 642 2226 rerum
657 2165 686 2228 ei
701 2164 845 2247 permisit.

171 2249 295 2316 XXVl.
321 2249 385 2312 Sed
401 2250 554 2314 discordes
576 2251 693 2314 animos
712 2251 805 2314 multa
821 2249 1005 2314 efferebant:
1030 2250 1132 2333 inopia

128 2336 272 2421 stipendii
288 2334 512 2420 frumentique3
535 2351 566 2398 et
586 2336 673 2398 simul
697 2335 848 2400 delectum
871 2337 1040 2422 tributaque
1056 2336 1132 2400 Gal·

128 2425 173 2490 liae
196 2434 408 2506 aspernantes3
433 2421 562 2486 Rbenus
587 2421 739 2506 incognita
763 2423 803 2486 illi
826 2423 907 2486 coelo
929 2424 1062 2488 siccitate
1078 2423 1131 2487 vix

128 2511 250 2574 navium
273 2509 408 2592 paticus3
431 2509 504 2572 arcti
527 2525 732 2572 commeatust
758 2510 906 2594 dispositae
930 2531 1130 2595 peromnem

129 2598 225 2681 ripam
238 2595 391 2670 stationes,
416 2615 480 2678 quae
497 2592 667 2658 Germanos
683 2595 761 2658 vado
776 2611 932 2660 arcerent:
958 2594 1130 2680 eddemquo

130 2682 169 2746 de
183 2680 277 2745 causb
291 2681 388 2744 minus
404 2679 533 2764 frugum,
550 2696 579 2746 et
596 2682 705 2766 plures,
722 2681 771 2766 qui
788 2697 1011 2746 consumerent.
1036 2683 1130 2765 Apud

130 2769 284 2853 imperitos
307 2768 433 2852 prodigii
456 2769 524 2831 loco
539 2769 741 2852 accipiebatur
755 2767 820 2852 ipsa
835 2789 979 2854 aquarum
996 2770 1130 2852 penuria,

130 2871 274 2940 tanquam
288 2876 343 2918 nos
366 2875 470 2918 amnes
486 2876 606 2939 quoque
627 2871 657 2919 et
673 2869 778 2918 vetera
801 2853 924 2938 lmperii
947 2856 1131 2920 munimenta

131 2942 329 3006 desererent:
352 2941 432 3026 quod
449 2941 478 3004 in
495 2962 570 3024 pace
586 2940 689 3018 ‘fors‚'
706 2963 760 3004 seu
777 2942 912 3005 ‘natura’
932 2956 1003 3005 tuno
1019 2942 1131 3006 ‘latum

132 3045 165 3094 ct
179 3030 223 3092 ira
243 3027 326 3105 Dei‚'
345 3029 521 3112 vocabatur.
565 3027 709 3110 Ingressis
732 3027 902 3092 Novesium
924 3028 1130 3093 tertiadecima

130 3117 211 3197 legio
236 3115 436 3200 conjungitur.
483 3113 612 3176 Additus
636 3112 761 3178 Voculae
792 3115 820 3178 in
852 3131 967 3198 partem
992 3137 1129 3180 curarum

133 3201 306 3266 Herennius
329 3200 447 3277 Gallus,
463 3201 597 3282 legatus:
621 3222 679 3264 nec
702 3202 765 3264 ausi
790 3201 825 3264 ad
851 3203 967 3266 bostem
992 3223 1128 3285 pergere,

131 3289 210 3365 loco,
225 3289 273 3350 cui
291 3285 431 3350 Gelduba
448 3309 557 3350 nomen
581 3302 636 3364 est,
652 3301 750 3350 castra
767 3287 877 3350 secere.
923 3286 968 3350 lbi
989 3289 1130 3352 struenda

134 3375 210 3449 acie,
234 3373 396 3436 muniendo
412 3374 609 3458 vallandoque
634 3389 664 3437 et
687 3375 795 3437 ceteris
820 3375 889 3437 belli
912 3375 1130 3440 meditamentis

133 3461 259 3522 militem
282 3460 447 3523 firmabant.
494 3459 597 3544 thue
620 3460 720 3544 praedit
735 3461 773 3524 ad
789 3462 927 3525 virtutem
948 3461 1128 3524 accendere·

134 3560 192 3622 tur,
209 3547 237 3608 in
256 3546 408 3628 proximos
424 3545 636 3628 Gugernorum
655 3569 757 3631 pagos,
771 3549 821 3633 qui
835 3548 1010 3612 societatem
1027 3546 1127 3611 Civilis

134 3647 323 3715 acceperant,
340 3632 448 3696 ductus
463 3654 480 3696 a
497 3632 617 3698 Vocula
631 3635 793 3699 exercitus.
839 3633 915 3700 Pars
930 3656 999 3698 oum
1013 3633 1128 3698 Hereu-

133 3719 186 3788 nio
201 3718 292 3782 Gallo
303 3719 476 3804 permansit.
