2556 4446
132 395 197 460 238
463 391 504 459 C.
528 391 637 460 Cous.
660 391 784 459 Tierua

160 556 328 619 eloquentiam
346 555 472 620 riguisse3
489 559 527 606 aa.
546 572 629 620 neque
647 572 790 620 quenquam
808 571 922 620 magnam
933 557 1067 620 potentiana
1077 557 1132 608 sine

161 621 304 682 eloquentii
327 627 503 670 consecutum:
534 621 710 670 Demosthenis
735 621 782 670 boc
809 627 836 668 et
863 622 989 670 Ciceronis
1014 623 1134 684 exemplo

161 685 322 746 comprobari.
365 685 405 730 88.
423 684 534 732 Primum
559 685 605 732 Cu.
626 685 771 746 Pompeium
796 684 943 746 eloquentie
971 687 1130 748 astringendo

160 749 283 804 nocuisse,
295 749 369 810 eique
386 747 466 796 veluti
483 747 571 796 sraenos
593 749 751 810 imposuisse3
769 753 822 796 tum
843 751 882 796 39.
900 749 1020 810 paenulas,
1037 750 1130 809 quibus

162 811 255 860 astricti
283 816 309 858 et
335 811 406 873 quasi
426 811 516 860 inclusi
535 826 592 860 cum
609 811 737 873 judicibus
758 809 901 860 fabulentur
918 819 1034 868 oratores,
1059 813 1132 860 item·

161 888 211 936 que
221 875 396 936 impedimenta
413 889 426 922 a
434 873 633 938 judicibus'orta,
644 874 773 922 debilitare
792 875 970 936 eloquentiam.
1004 876 1131 924 Preterea

161 951 202 986 rea
211 938 315 986 velutin
327 938 458 987 solitudine
470 939 520 1001 agi,
529 935 584 986 ebur
596 938 684 985 oratori
693 939 750 986 olim
763 938 856 986 elamor
870 940 1022 1000 plaususque
1033 938 1131 986 addide-

160 1001 210 1048 rint
222 1003 341 1048 animum.
374 1003 413 1050 tu.
431 1001 604 1063 Eloquentiam
614 1016 668 1050 esse
681 1001 806 1050 alumnam
818 1002 935 1057 licentiae,
947 1009 1130 1058 contumacem,

161 1064 328 1120 temerariam,
344 1072 512 1128 arrogantem,
524 1080 571 1112 nec
584 1064 725 1112 civitatibus
741 1063 806 1112 bend
825 1065 964 1114 constitutis
980 1067 1038 1114 oriri
1050 1079 1130 1126 posse,

160 1128 225 1188 quod
237 1128 354 1189 exempla
365 1129 490 1176 variarum
498 1130 610 1191 gentium
620 1131 764 1187 ostendan13
781 1131 820 1176 41.
830 1129 949 1176 minorem
957 1143 1012 1188 esse
1020 1129 1130 1176 obscuri-

160 1204 279 1251 oremque
292 1191 394 1252 gloriam
406 1192 471 1238 inter
482 1193 558 1239 bonos
570 1205 650 1240 mores
661 1197 687 1239 et
699 1194 724 1238 in
735 1192 880 1252 obsequium
899 1193 1009 1253 regende
1018 1198 1130 1252 paratos3

160 1253 224 1363 im
234 1253 274 1302 aui
285 1255 370 1302 wenti
379 1255 472 1316 cuique
484 1254 627 1304 fruendum.
659 1255 699 1303 42.
712 1254 876 1304 nuendum:
897 1255 1007 1304 Habitus
1022 1261 1060 1302 est
1076 1255 1128 1302 die-

170 1331 234 1379 ogus

130 1449 242 1488 ΠιΔΠῠ
259 1450 445 1486 Vllum-Ni)
462 1451 536 1487 AUG·
554 1453 596 1486 vt.
618 1451 689 1487 '1'11‘0
707 1451 893 1486 vnsPAslstto
910 1453 980 1486 CM.
999 1453 1038 1487 tv.
1057 1451 1131 1488 0085.

172 1579 267 1644 Sura
284 1601 324 1644 ex
347 1601 397 1643 me
420 1580 558 1666 requiris,
573 1578 662 1643 lusto
685 1577 774 1655 Fabi,
790 1600 853 1655 eur,
868 1579 938 1642 ciam
962 1580 1061 1664 priora
1077 1602 1133 1644 sae-

128 1667 197 1732 cula
213 1682 256 1732 tot
278 1667 474 1732 eminentium
497 1681 649 1730 oratorum
675 1666 800 1748 ingeniis
826 1665 982 1752 gloridque
1009 1667 1134 1733 effloru-

129 1755 215 1832 eriut,
231 1769 331 1818 nostra
348 1753 534 1838 potissimiuu
558 1769 639 1831 aetas,
655 1753 774 1817 deserta
789 1768 819 1817 et
840 1753 928 1816 laude
947 1752 1062 1830 orbata,
1079 1755 1132 1818 vix

128 1861 240 1904 nomen
257 1842 355 1928 ipsum
371 1842 493 1906 oratoris
503 1841 647 1904 retineat:
672 1861 771 1925 neque
787 1841 866 1902 enim
878 1840 918 1903 ita
930 1841 1131 1924 appellamus,

128 1928 184 1990 nisi
197 1929 354 2014 antiquos:
379 1929 485 1991 horum
502 1942 602 1990 autem
620 1941 789 2011 temporum
807 1926 919 2004 diserti,
936 1927 1079 1992 causidici
1101 1942 1132 1992 et

129 2014 265 2076 advocati
278 2027 309 2078 et
324 2014 439 2100 patroni
455 2028 487 2077 et
503 2014 620 2098 quidvis
635 2013 745 2098 potitis,
763 2013 851 2097 qudtn
862 2027 1006 2090 oratores,
1021 2035 1132 2077 vocan-

127 2112 186 2162 tur.
232 2099 292 2162 Cui
320 2101 536 2182 percontationi
564 2115 621 2163 tuae
646 2101 840 2183 respondere,
867 2113 984 2164 ettam
1014 2121 1130 2183 magnae

129 2186 299 2270 questionis
315 2185 433 2269 pondus
449 2186 604 2270 excipere,
621 2199 653 2248 ut
665 2202 717 2250 aut
732 2187 771 2250 de
787 2186 912 2268 ingeniis
924 2187 1030 2250 nostris
1050 2187 1131 2252 maid

129 2273 362 2336 existimandum
386 2273 434 2350 sit,
450 2273 475 2336 si
497 2273 577 2335 idern
602 2273 720 2356 assequi
746 2295 805 2336 non
830 2294 1000 2356 possumus,
1017 2289 1067 2337 aut
1091 2275 1131 2336 de

124 2357 255 2445 judiciis,
280 2361 302 2425 si
327 2359 478 2438 uolumus,
502 2360 552 2423 vix
580 2357 716 2422 Hercule
739 2359 942 2436 auderem,'si
966 2360 1035 2422 mihi
1062 2381 1132 2424 mea

127 2449 276 2512 sententia
302 2447 492 2531 proferenda,
519 2468 554 2510 ac
578 2467 638 2510 non
665 2445 938 2522 disertissimorum,
964 2461 996 2510 ut
1019 2449 1128 2510 nostris

129 2535 325 2620 temporibus,
349 2536 504 2598 hominurn
528 2555 628 2597 sermo
650 2534 832 2616 repetendus
856 2546 947 2611 esset,
963 2555 1038 2618 quos
1060 2555 1133 2596 ean-

128 2619 198 2684 dem
216 2623 294 2684 hanc
310 2622 504 2704 quaestionem
521 2632 749 2702 pertractantes
759 2617 881 2704 juvenis
897 2619 1061 2684 admodum
1078 2643 1131 2684 au-

128 2705 199 2767 divi.
248 2705 370 2768 Itanon
386 2705 516 2786 ingenio,
532 2706 586 2768 sed
603 2703 748 2768 memoriis
763 2726 798 2767 ac
821 2705 1039 2784 recordatione,
1054 2729 1132 2792 opus
1161 2759 1163 2763 .

128 2805 184 2867 est,
200 2805 244 2869 ut,
260 2812 325 2875 quae
342 2812 359 2853 a
375 2790 621 2875 prestantissimis
638 2791 706 2855 viris
729 2805 760 2856 et
782 2792 952 2874 excogitata
973 2794 1131 2872 subtiliter,

127 2891 159 2940 et
175 2877 255 2940 dicta
270 2878 407 2960 graviter,
423 2879 540 2962 accepi,
556 2879 625 2942 cum
642 2879 749 2960 singuli
770 2879 914 2958 diversas,
931 2881 979 2943 vel
996 2880 1131 2958 easdem,

128 2963 181 3028 sed
199 2965 370 3046 probabiles
384 2987 491 3030 causas
507 2966 657 3042 afferrent,
670 2967 741 3029 dum
759 2966 884 3029 sormam
900 2967 949 3030 sui
961 2967 1087 3051 quisque
1099 2981 1132 3030 et

128 3051 219 3114 animi
236 3067 266 3116 et
280 3053 389 3136 ingenii
406 3052 557 3129 redderet,
574 3053 679 3116 iisdem
703 3074 782 3115 nunc
805 3054 947 3131 numeris,
963 3053 1069 3116 iisdem
1085 3074 1133 3116 ra-

128 3139 258 3203 tionibus
284 3160 457 3223 persequar,
488 3155 606 3202 servato
635 3137 739 3202 ordine
770 3139 997 3224 disputationis:
1029 3161 1131 3226 neque

128 3227 208 3289 enim
225 3224 331 3302 deluit,
352 3227 402 3310 qui
425 3225 572 3288 diversam
590 3247 710 3310 quoque
734 3241 850 3309 partem
878 3227 1055 3310 susciperet,
1083 3248 1130 3304 ac,

127 3312 256 3376 multirm
281 3311 393 3377 vexati
416 3325 446 3376 et
470 3311 553 3374 irrisi
577 3325 736 3390 vetustate,
763 3327 931 3376 nostrorum
956 3327 1127 3398 temporum

128 3399 176 3462 elo
200 3400 330 3464 uentiam
341 3400 529 3483 antiquorum
545 3399 670 3480 ingeniis
686 3398 858 3464 anteferret.

171 3421 213 3546 li.
238 3484 319 3549 Nam
335 3501 454 3570 postero
470 3485 530 3562 die,
547 3485 637 3570 quiam
653 3484 796 3549 Curiatus
811 3485 967 3549 Maternus
978 3484 1130 3551 Catonem

127 3570 317 3649 recitaverat,
340 3572 410 3636 edm
440 3571 603 3636 offendisse
634 3573 799 3655 potentium
831 3573 945 3636 animos
968 3573 1130 3651 diceretur,

129 3667 271 3737 tanquam
298 3659 386 3722 ineo
410 3657 562 3742 tragoedie
590 3674 776 3742 argumento,
801 3660 846 3722 sni
869 3659 990 3737 oblitus,
1012 3659 1130 3733 tantiam

129 3737 280 3803 Catonern
296 3742 470 3824 cogitisset,
481 3744 578 3830 eique
591 3746 630 3808 de
647 3767 678 3808 re
695 3767 748 3830 per
763 3746 867 3808 urbem
881 3745 1019 3831 frequens
1031 3767 1131 3810 sermo

125 3825 299 3908 haberetur,
316 3834 516 3894 veneruntad
541 3853 610 3894 eum
628 3830 675 3894 Μ.
693 3833 776 3916 Aper
791 3846 822 3894 et
837 3831 936 3894 Julius
960 3832 1130 3910 Secundus,

128 3911 398 3977 celeberrimarum
411 3915 529 3998 ingenia
542 3916 596 3980 sori
608 3918 698 3982 nostri
711 3940 720 3980 ε
742 3939 817 4002 quos
829 3940 886 4002 ego
895 3919 924 3982 in
937 3917 1059 4004 judiciis
1067 3940 1128 3983 nou
