2508 4254
143 203 255 292 108ι
432 229 754 297 .C.Coan.Trcrr1
851 237 854 244 '
932 233 988 318 [A.
1005 230 1048 296 U.
1064 233 1145 298 822.
1231 186 1235 207 Ι

183 393 377 458 XXXVIII.
401 395 484 460 Nota
515 419 568 481 per
588 417 650 460 'eos
678 397 743 460 dies
771 395 855 460 Iunii
884 395 976 460 Blesi
1002 419 1083 462 mors
1108 413 1144 462 et

139 481 252 546 famosa
269 481 344 546 suit:
367 482 405 546 de
416 483 476 568 qud
491 485 533 546 sic
549 485 733 568 accepimus.
779 483 873 548 Gravi
885 485 1018 568 corporis
1033 485 1143 550 morbo

138 568 382 651 egerViteIIIus,
398 569 572 632 Servilianis
589 571 692 646 hortis,
708 571 812 634 turrirn
833 571 931 634 ricino
942 573 1028 634 sitam
1042 571 1142 634 collu·
1238 607 1239 664 ss

138 677 219 732 cere,
237 677 291 739 per
313 672 446 733 noctem,
469 657 582 719 crebris
604 657 766 720 luminibus
790 657 1008 720 animadvertit.
1056 657 1143 722 ScIs·
1238 669 1239 694 ³

137 743 240 806 citanti
260 763 394 820 causam,
410 743 511 827 ‘apud
538 741 693 806 Caeoinnm
717 742 854 806 Tuscum
878 744 992 826 epulari
1016 745 1139 822 multos,

137 830 320 914 precipuum
337 830 451 892 honore
473 828 597 892 Junium
621 828 766 893 Blaesum’
790 831 961 894 nuntiatur:
984 847 1084 893 cetera
1107 833 1148 894 in·

137 916 245 1000 majus,
262 916 300 978 de
325 922 500 1000 ‘apparatu
516 931 546 979 et
568 915 674 979 solutis
693 917 724 978 in
748 916 900 979 lasciviam
917 917 1052 980 animisr’
1079 939 1140 982 nee
1227 980 1233 1007 ‚

138 1002 274 1078 defuere,
291 1003 340 1086 qui
356 1004 453 1086 ipsum
470 1001 607 1064 Tuscum
623 1018 654 1066 et
669 1003 752 1078 alios,
768 1003 822 1065 sed
844 1003 1139 1066 cuminosiirsBlae-

137 1109 216 1165 sum,
232 1089 413 1165 incusarent,
429 1087 543 1172 ‘qubd,
559 1109 638 1170 egro
653 1088 805 1172 Principe,
830 1089 913 1153 laetos
928 1090 992 1152 dies
1010 1089 1138 1170 ageret.'

138 1173 200 1237 Ubi
216 1189 387 1256 asperatum
406 1173 575 1252 Vitellium,
591 1189 622 1236 et
647 1197 734 1257 posse
750 1175 883 1238 Blesum
908 1175 1139 1259 pervenissetis

137 1262 232 1344 patuit
247 1261 291 1335 iis,
308 1262 357 1345 qui
374 1260 550 1344 Principum
571 1261 703 1324 offensas
718 1262 826 1325 aeriter
840 1263 1044 1346 speculantur,
1059 1263 1138 1328 datae

137 1345 176 1410 L.
193 1345 316 1410 Vitellio
332 1348 487 1412 delationis
511 1361 621 1430 partes.
666 1347 721 1410 Ille
741 1348 877 1412 infensus
899 1348 1000 1413 Bleso
1015 1350 1139 1412 emula·

137 1436 218 1496 tione
232 1433 336 1517 pravi,
348 1433 428 1519 qubd
444 1435 617 1510 eum,ornni
634 1434 786 1498 dedecore
801 1435 999 1512 maculosum,
1015 1436 1139 1520 egregii.

137 1519 218 1584 sarni
243 1523 385 1598 anteibat,
401 1521 573 1584 cubiculum
596 1520 788 1604 Imperatoris
812 1535 935 1600 reserat,
954 1523 1047 1584 filium
1069 1523 1138 1608 ejus

135 1607 200 1672 sinu
219 1608 399 1692 complexus
421 1623 452 1670 et
479 1608 603 1690 genibus
627 1607 789 1672 accidens'r
811 1629 933 1672 causam
954 1609 1137 1672 confusionis

136 1696 290 1780 querentI,
308 1703 388 1757 ‘non
405 1715 438 1756 se
457 1694 576 1779 proprio
599 1708 693 1770 metu,
715 1715 775 1758 nec
797 1695 842 1758 sui
859 1695 996 1775 anxium,
1013 1696 1065 1758 sed
1081 1717 1138 1779 pro

136 1781 238 1858 fratre,
264 1804 318 1865 pro
347 1782 448 1844 liberis
477 1779 584 1857 fratris,
615 1802 721 1866 preces
751 1781 961 1866 lacrymasque
991 1782 1138 1846 attulisse.

135 1865 262 1932 Frustrb
276 1866 495 1952 Vespasianum
506 1867 613 1943 timeri,
624 1889 715 1952 quem
727 1881 771 1930 tot
788 1868 977 1932 Germanice
989 1869 1137 1950 legiones,

135 1967 179 2017 tot
194 1955 354 2038 provincie
371 1956 479 2016 virtute
503 1975 539 2016 ac
562 1954 634 2031 lide,
650 1967 766 2016 tantum
781 1954 913 2039 denique
931 1969 1077 2018 terrarum
1101 1977 1139 2020 ec

135 2041 226 2102 maris
241 2040 395 2104 immensis
410 2041 523 2123 spatiis,
538 2056 652 2104 arceat.
698 2040 733 2103 In
751 2041 823 2104 urbe
837 2063 872 2104 ac
883 2042 948 2104 sinu
964 2042 1136 2106 cavendum
1238 2111 1239 2114 Ἴ

135 2126 265 2204 hostem,
288 2125 396 2190 Junios
413 2128 622 2213 Antoniosque
644 2149 718 2190 nvos
735 2126 913 2212 jactantem,
930 2128 979 2212 qui
996 2149 1028 2190 se
1043 2129 1138 2212 stIrpe

135 2212 341 2297 Imperatorid,
375 2235 494 2276 comem
522 2235 557 2277 ac
588 2215 777 2296 magnificum
807 2215 961 2291 militibus,
992 2229 1136 2280 ostentet.

133 2297 247 2364 Versae
270 2300 340 2362 illuc
356 2301 490 2363 omnium
513 2316 639 2376 mentes,
656 2302 728 2363 dum
744 2299 895 2377 Vitellius,
911 2301 1075 2364 amicorum
1092 2303 1137 2365 in·

135 2387 352 2471 imicorumque
374 2387 540 2470 negligens,
557 2385 658 2449 foveat
681 2387 832 2464 aemulum,
851 2386 1000 2471 Principis
1016 2388 1135 2453 labores

135 2495 152 2536 e
168 2475 308 2536 convivio
324 2489 579 2558 prospectantem.
625 2472 830 2537 Reddendum
853 2495 907 2558 pro
922 2475 1137 2558 intempestiuai

133 2560 234 2626 laetitiis
249 2576 388 2624 moestam
411 2577 442 2625 et
464 2559 621 2623 funebrem
645 2575 777 2636 noctem,
794 2559 856 2646 qud
876 2562 951 2624 sciat
969 2577 999 2625 et
1016 2563 1134 2638 sentiat,
1238 2601 1239 2604 =

134 2649 237 2710 vivere
259 2646 416 2712 Vitellium
447 2662 478 2710 et
507 2647 668 2732 imperare,
695 2661 736 2725 et,
768 2647 793 2710 si
826 2647 899 2732 quid
921 2647 983 2710 latu
1005 2648 1135 2726 accidat,

133 2735 226 2796 filium
245 2734 389 2798 babere.’'
458 2773 460 2778 .
732 2766 734 2772 ¹

176 2819 335 2884 XXXIX.
358 2821 534 2906 Trepidanti
558 2821 633 2884 inter
655 2820 755 2884 scelus
779 2839 965 2906 metumque,
981 2841 1020 2884 ne
1042 2820 1134 2884 dilata

132 2905 227 2972 Blaesi
244 2927 324 2972 mors
340 2923 486 2972 maturam
503 2907 678 2992 perniciem,
695 2907 795 2991 palt'rm
807 2906 892 2992 jussa
910 2922 1043 2970 atrocem
1059 2907 1134 2970 inri-

133 2995 351 3074 diam‚·serret,
379 2995 490 3079 placuit
520 3015 640 3058 veneno
667 2994 804 3075 grassari.
851 2993 980 3056 Addidit
1009 2991 1134 3056 facinori

131 3083 221 3146 fidem
239 3081 330 3146 nobili
353 3083 472 3164 gaudio,
495 3080 629 3144 Blaesum
654 3080 799 3144 visendo:
823 3080 894 3165 quin
918 3093 948 3142 et
963 3079 1064 3142 audita
1081 3092 1133 3142 ,est

131 3170 292 3232 sevissima
306 3167 420 3230 Vitellii
439 3189 510 3244 vox,
526 3166 587 3252 qud
601 3166 664 3231 ‘se’
682 3167 763 3250 (ipsa
784 3167 865 3230 enim
882 3166 974 3228 verba
988 3163 1131 3250 reseram)

132 3263 140 3292 ‘
155 3258 273 3338 pavisse
289 3255 404 3332 oculos,
420 3253 557 3338 spectati
579 3254 689 3317 inimici
706 3253 824 3330 morte,'
837 3252 973 3339 jactarit.
1019 3251 1132 3328 Blaeso,

131 3363 222 3424 super
236 3341 403 3404 claritatem
427 3341 569 3404 natalium
592 3355 623 3403 et
646 3339 826 3421 elegantiam
848 3361 976 3415 morum,
993 3339 1064 3402 fidei
1079 3338 1134 3403 ob·

130 3429 248 3500 stinatio
264 3427 329 3490 fuit.
373 3426 499 3504 Integris
517 3447 636 3512 quoque
659 3427 759 3503 rebus,
775 3447 792 3488 a
808 3424 933 3490 Caecinti
951 3441 982 3490 et
999 3424 1133 3508 primori·

130 3517 186 3578 hus
203 3515 341 3598 partium,
354 3512 417 3600 jam
429 3511 584 3576 Vitellium
598 3512 835 3596 aspernantibus,
847 3513 987 3586 ambitur,
999 3511 1134 3574 abnuere

131 3601 362 3688 perseveranti
381 3607 511 3676 sanctus,
527 3600 704 3676 inturbidus,
721 3597 829 3662 nullius
842 3598 990 3683 repentini
1002 3597 1133 3674 honoris,

132 3687 210 3752 adei>
226 3709 284 3750 non
301 3685 492 3774 Principatlrs
507 3700 666 3772 appetens,
683 3686 956 3772 parumeffugerat,
972 3705 1009 3750 ne
1026 3685 1133 3768 dignus

131 3776 318 3840 crederetur.
871 3818 874 3826 ·
