2560 4258
135 328 175 394 A.
193 325 233 392 C.
250 325 318 408 69.]
438 323 581 388 Hrsaoa.
605 324 680 388 Lm.
704 324 847 390 Pramus.
1090 325 1130 388 et

182 498 304 564 XLlll.
337 497 489 581 Insignem
510 497 626 560 illidis
643 497 737 560 virum
761 496 974 579 Sempronium
997 495 1137 560 Densum

138 601 209 652 aetas
225 601 324 650 nostra
341 586 425 647 vidit.
471 583 619 647 Centurio
635 585 658 646 is
675 584 824 646 Praetoriae
839 584 981 659 cohortis,
997 605 1014 645 a
1036 581 1138 646 Galat

136 675 280 739 custodie
294 672 412 734 Pisonis
428 672 557 746 additus,
572 672 675 736 stricto
691 671 822 753 pugione
838 691 998 732 occurrens
1018 670 1138 733 armatis

137 775 170 824 et
185 761 283 822 scelus
300 759 496 841 exprobrans,
513 779 549 820 ac
561 756 651 819 mndb
665 779 763 834 manu,
781 755 872 819 modd
889 777 975 832 voce,
993 757 1138 819 vertendo

137 848 213 911 inse
230 867 430 930 percussores,
447 865 617 929 quanquam
635 845 790 906 vulnerato
806 842 909 906 Pisoni
925 843 1068 924 effugium
1084 843 1138 905 de·

138 935 194 996 dit.
240 933 313 994 Piso
324 933 353 993 in
370 931 465 992 adem
477 929 584 992 Vestae
597 932 738 1013 pervasit,
751 944 960 1014 exceptusque
971 931 1139 992 misericor·

138 1019 190 1083 dia
211 1019 320 1103 publici
336 1018 458 1080 serviet
474 1017 670 1080 contubernio
685 1017 750 1102 ejus
765 1017 893 1092 abditus,
910 1039 968 1078 non
984 1017 1140 1097 religione,

137 1127 196 1170 nec
219 1105 404 1181 caerimoniis,
425 1103 478 1164 sed
498 1102 614 1165 latebris
637 1104 795 1165 imminens
818 1103 943 1166 exitium
961 1103 1137 1166 differebat:

138 1193 208 1256 crim
226 1191 387 1266 advenere,
415 1191 505 1252 missu
529 1189 671 1264 Othonis,
695 1190 868 1252 nominatim
894 1190 922 1252 in
943 1191 1057 1252 caedem
1074 1189 1139 1274 ejus

140 1279 291 1353 ardentes,
308 1277 457 1360 Sulpicius
474 1275 594 1353 Florus,
607 1290 628 1337 ‘e
644 1275 825 1340 Britannicis
838 1277 1023 1352 cohortibus,
1044 1295 1140 1359 nuper

139 1363 273 1428 aGalbai
287 1365 409 1426 civitate
425 1363 563 1438 donatus,
580 1376 610 1425 et
626 1362 738 1424 Statius
755 1361 890 1440 Murcus,
906 1363 1096 1445 speculator:
1121 1381 1140 1424 a

140 1453 247 1538 quibus
264 1465 429 1534 protractus
446 1449 529 1526 Piso,
550 1450 579 1511 in
596 1447 706 1511 foribus
721 1449 826 1532 templi
842 1450 1015 1512 trucidatur.

85 1605 89 1612 ,
182 1536 305 1602 XLlV.
338 1535 461 1598 Nullam
485 1535 598 1598 caedem
615 1533 700 1598 Otho
717 1535 828 1620 majore
843 1535 945 1598 laetitia
967 1535 1139 1618 excepisse,

138 1626 254 1690 nullum
271 1639 362 1706 caput
379 1638 439 1684 tam
456 1622 669 1684 insatiabilibus
689 1623 783 1684 oculis
802 1621 996 1706 perlustrisse
1013 1621 1137 1684 dicitur:

140 1734 195 1775 seu
211 1726 274 1774 tum
292 1709 420 1792 primitm
437 1709 536 1771 levata
551 1709 633 1771 omni
648 1709 835 1770 solicitudine
847 1730 932 1771 mens
945 1729 1051 1770 vacare
1066 1729 1140 1788 gau·

142 1799 192 1860 dio
207 1811 362 1878 coeperat:
387 1817 440 1857 seu
459 1796 624 1858 recordatio
647 1794 810 1880 majestatis
831 1795 860 1857 in
877 1794 986 1872 Galba,
1003 1794 1139 1856 amicitiae

142 1885 173 1946 in
192 1883 233 1944 T.
246 1881 349 1957 Vinio,
374 1883 508 1964 quamvis
524 1883 669 1944 immitem
686 1883 817 1944 animum
834 1882 963 1963 imagine
979 1881 1052 1944 tristi
1067 1902 1141 1944 con·

144 1968 281 2032 suderat:
306 1967 435 2044 Pisonis,
452 1982 483 2030 ut
499 1969 609 2030 inimici
628 1983 659 2030 et
674 1969 782 2046 aemuli,
799 1969 880 2031 caede
896 1969 997 2044 laetari,
1016 1967 1066 2052 jus
1083 1965 1141 2029 las·

142 2077 203 2140 que
232 2053 384 2118 credebat.
432 2053 560 2116 Praefixa
585 2055 681 2117 contis
707 2057 805 2138 capita
832 2056 1034 2136 gestabantur,
1063 2055 1142 2116 inter

141 2143 225 2224 signa
238 2143 416 2216 cohortium,
427 2140 517 2226 juxta
529 2142 657 2226 aquilam
670 2141 794 2222 legionis
808 2163 814 2203 :
838 2143 975 2204 certatim
987 2155 1141 2203 ostentans

143 2230 221 2291 tibus
244 2243 383 2290 cruentas
408 2249 523 2303 manus,
540 2229 590 2310 qui
606 2229 788 2304 occiderant,
805 2228 854 2310 qui
870 2227 1073 2302 interfuerant,
1090 2227 1140 2310 qui

144 2315 226 2391 vere,
251 2315 300 2398 qui
324 2312 409 2389 salsb,
425 2327 458 2374 ut
475 2313 633 2396 pulchmm
650 2327 680 2375 et
696 2313 890 2376 memorabile
906 2312 1031 2388 lacinus,
1042 2312 1139 2396 jacta·

142 2401 225 2464 bant.
273 2400 380 2462 Plures
394 2399 483 2483 quam
500 2414 622 2462 centum
646 2414 677 2462 et
694 2401 795 2480 viginti
812 2400 928 2462 libellos
947 2399 1067 2482 premia
1083 2419 1140 2461 ex·

141 2487 341 2572 poscentium,
352 2487 391 2548 ob
404 2486 533 2569 aliquam
550 2486 712 2548 notabilem
724 2485 777 2548 illa
788 2485 835 2548 die
848 2507 983 2568 operam,
997 2482 1139 2546 Vitellius

143 2588 249 2658 postea
272 2573 403 2634 invenit:
428 2593 593 2656 omnesque
609 2573 743 2656 conquiri
759 2586 791 2634 et
813 2573 937 2634 interfici
949 2571 1054 2657 jussit:
1078 2591 1139 2633 non

142 2659 256 2723 honore
273 2658 389 2734 Galba,
410 2657 464 2720 sed
482 2659 587 2722 tradito
604 2659 794 2742 Principibus
810 2680 904 2738 more,
920 2658 1139 2722 munimentum

144 2747 181 2812 ad
198 2767 338 2828 praesens,
355 2746 383 2806 in
401 2759 553 2827 posterum
571 2746 726 2808 ultionem.

188 2830 296 2896 XLV.
320 2831 572 2894 Aliumcrederes
589 2831 746 2908 Senatum,
762 2830 852 2893 alium
865 2830 1027 2916 populum:
1052 2849 1139 2892 ruere

142 2919 243 2982 cuncti
257 2918 285 2980 iu
298 2931 406 2992 castra,
419 2917 531 2979 anteire
548 2919 711 3000 proximos,
721 2931 837 2980 certare
848 2939 918 2979 cum
934 2914 1140 3001 praecurrenti·

142 3006 209 3082 bus,
220 3005 375 3086 increpare
387 3001 528 3080 Galbam,
538 3004 659 3066 laudare
671 3005 796 3066 militum
805 3003 1139 3088 judicium,cxosculari

143 3091 275 3156 Othonis
288 3111 427 3152 manum:
452 3089 623 3175 quantbque
635 3088 729 3172 magis
742 3089 814 3153 salsa
823 3092 921 3166 erant,
938 3111 1002 3174 quae
1017 3090 1139 3165 fiebant,

143 3178 227 3242 tantd
249 3177 333 3262 plura
352 3176 461 3238 lacere.
508 3176 579 3240 Non
596 3178 809 3262 aspernabatur
823 3176 954 3258 singulos
965 3175 1061 3250 Otho,
1077 3175 1140 3238 avi·

144 3264 216 3326 dum
226 3279 256 3326 et
268 3265 416 3326 minacem
430 3263 556 3326 militum
569 3265 702 3326 animum
715 3285 789 3326 voce
800 3264 944 3346 vultuque
956 3276 1139 3344 temperans.

143 3349 275 3414 Marium
291 3349 429 3427 Celsum,
442 3349 610 3414 Consulem
627 3351 826 3434 designatum,
838 3364 868 3412 et
878 3347 983 3412 Galbae
1000 3347 1139 3432 usquein

143 3450 295 3500 extremas
318 3459 365 3498 res
389 3438 518 3500 amicum
534 3437 698 3522 fidumque,
715 3437 751 3498 ad
768 3437 949 3520 supplicium
965 3433 1141 3518 expostula·

144 3523 227 3599 bant,
252 3523 402 3586 industria
426 3523 490 3609 ejus
513 3524 764 3608 innocentisque,
795 3523 878 3608 quasi
900 3522 986 3586 malis
1017 3520 1139 3597 artibus,

143 3609 261 3672 infensi.
307 3608 407 3672 Caedis
424 3625 454 3674 et
471 3611 634 3694 praedarum
651 3611 767 3673 initium
783 3625 814 3672 et
825 3608 1058 3693 optimocuiquc
1071 3627 1139 3689 pcr-

142 3695 251 3759 niciem
276 3696 366 3780 quaeri
390 3697 573 3778 apparebat:
606 3697 659 3760 sed
682 3695 798 3758 Othoni
822 3697 955 3758 nundum
979 3693 1140 3756 auctoritas

143 3783 238 3845 inerat
261 3783 298 3844 ad
323 3782 542 3866 prohibendum
562 3784 679 3846 scelus:
708 3782 816 3867 jubere
827 3782 891 3867 jam
908 3793 1036 3866 poterat.
1081 3777 1139 3854 lta,

142 3868 329 3931 simulatione
346 3869 405 3944 irae,
429 3875 437 3904 ‘
447 3869 559 3932 vinciri'
579 3869 707 3955 jussum,
724 3882 755 3930 et
771 3868 918 3954 ‘majores
933 3887 1040 3951 poenas
1052 3863 1139 3926 datu·

139 3954 215 4020 rum’
232 3955 393 4034 affirmans,
409 3956 546 4040 prasenti
562 3955 656 4020 exitio
671 3954 829 4018 subtraxit.
