2484 4316
113 212 176 276 1⁷4
446 206 487 274 C.
511 206 621 274 eoas.
644 207 769 276 Tscmr
903 213 957 297 [A.
974 212 1019 280 U.
1035 217 1115 282 823².

115 373 245 440 Cerialis
268 371 382 458 (neque
405 373 486 438 enim
515 388 638 438 noctem
662 373 691 438 in
723 375 830 440 castris
852 381 970 463 egerat)
995 380 1122 462 pugnari

114 461 202 526 simul
218 460 357 544 vincique
380 481 451 524 suos
473 460 611 537 audierit,
635 461 795 544 increpans
816 483 957 545 pavorem
981 467 1121 530 nuntian-

112 549 198 624 tium,
214 548 312 612 donec
327 545 465 608 universa
480 546 585 610 clades
601 547 630 610 in
652 548 748 610 oculis
765 547 830 612 luit.
876 549 1030 635 Perrupta
1046 552 1121 635 legi·

115 656 207 700 onum
222 647 331 708 castra,
346 630 403 694 lusi
419 632 558 714 equites:
582 632 701 696 medius
716 633 854 698 Mosellae
871 657 958 719 pons,
996 639 1025 702 ui
1042 639 1120 702 ulte·

114 723 193 786 riora
225 718 350 782 coloniae
380 718 526 795 annectit,
556 718 594 781 ab
621 719 757 782 hostibus
786 720 931 787 incessus.
975 659 1119 803 zerialis,

115 805 241 872 turbidis
256 805 347 868 rebus
369 803 535 888 intrepidus
557 818 589 868 et
611 803 760 888 fugientes
776 805 866 872 manu
886 809 1056 888 retrahens,
1077 812 1122 874 in·

116 907 201 958 tecto
215 911 343 974 corpore
359 905 495 976 promtus
518 892 596 955 inter
611 891 681 969 tela,
697 891 775 956 felici
792 894 962 958 temeritate
978 910 1009 958 et
1026 895 1122 962 sortis-

115 979 183 1044 simi
205 978 291 1064 cujus
314 998 352 1040 ue
375 998 512 1055 accursu,
536 979 737 1062 reciperatum
759 994 884 1063 pontem
907 980 1008 1046 electi
1031 1004 1122 1046 manu

115 1066 253 1130 firmavit.
335 1085 376 1128 nx
393 1065 423 1127 in
438 1080 536 1128 castra
547 1085 697 1142 reversus,
713 1066 850 1148 palantes
868 1081 1024 1151 captarum
1040 1070 1123 1154 apud
1195 1064 1198 1079 '

116 1151 286 1218 Novesium
301 1150 504 1234 Bonnamque
520 1151 672 1235 legionum
689 1153 860 1236 manipulos
875 1169 906 1216 et
921 1175 1021 1218 rarum
1036 1155 1120 1240 apud

118 1240 204 1322 signa
226 1238 351 1302 militem
378 1259 413 1301 ac
437 1237 533 1320 prope
555 1238 776 1304 circumventas
799 1241 914 1324 aquilas
936 1241 1030 1305 videt.
1075 1242 1125 1308 In·

117 1347 228 1389 census
243 1323 296 1401 ira,
309 1330 318 1361 ‘
330 1346 389 1388 non
406 1322 575 1401 Flaccum,'
592 1325 699 1409 inquit,
715 1331 794 1388 ‘non
809 1325 959 1390 Voculam
975 1327 1123 1392 deseritis.

119 1411 214 1476 Nulla
230 1409 278 1475 hic
295 1410 444 1494 proditius
466 1431 566 1494 neque
582 1412 662 1475 aliud
679 1413 888 1476 excusandum
905 1413 1015 1491 habeo,
1031 1414 1123 1499 quiam

119 1498 201 1584 qubd
227 1519 290 1575 vos,
315 1497 424 1560 Gallici
448 1495 571 1561 soederis
594 1498 714 1573 oblitos,
738 1500 853 1563 redisse
881 1500 913 1562 in
939 1501 1120 1566 memoriam

120 1585 254 1652 Romani
276 1584 467 1661 sacramenti,
490 1597 606 1648 temere
625 1585 752 1648 credidi.
799 1587 1033 1650 Annumerabor
1054 1586 1125 1650 Nu·

123 1673 216 1737 misiis
231 1687 261 1736 ot
284 1669 466 1734 Herenniis:
490 1685 523 1734 ut
538 1692 645 1735 omnes
668 1670 778 1754 Legati
801 1673 902 1750 vestri,
918 1687 969 1736 aut
993 1673 1124 1738 militurn

121 1759 269 1834 manibus,
285 1770 337 1820 aut
361 1758 502 1832 hostium,
524 1758 700 1820 ceciderint.
744 1756 803 1833 lte,
826 1760 962 1822 nuntiate
979 1758 1127 1844 Vespasi-

122 1865 191 1920 ano,
208 1844 269 1921 vel,
292 1843 371 1928 quod
396 1843 520 1928 prophis
535 1857 592 1920 est,
616 1843 707 1907 Civili
729 1858 760 1906 et
780 1843 930 1922 Classico,
945 1845 1084 1910 relictum
1107 1868 1126 1910 a

122 1931 207 1994 robis
222 1930 252 1994 in
268 1929 332 1994 acia
348 1929 491 1993 Ducem:
516 1931 638 1993 venient
660 1930 805 2012 legiones,
821 1952 887 2015 qua
900 1953 999 2016 neque
1014 1955 1065 1998 me
1080 1933 1127 1996 in-

123 2018 231 2092 ultum,
244 2037 343 2100 neque
359 2037 413 2080 vos
428 2017 591 2100 impunitos
607 2016 778 2101 patiantur.'

166 2101 351 2167 LXXVlll.
375 2101 457 2166 Vera
477 2117 572 2179 crant,
593 2118 624 2166 et
639 2125 656 2166 a
671 2101 816 2166 Tribunis
838 2102 1054 2190 Praesentisque
1075 2127 1129 2170 ea·

124 2191 195 2256 dem
212 2189 433 2272 ingerebantur.
471 2189 650 2254 Consistunt
665 2209 719 2274 per
733 2190 874 2254 cohortes
889 2204 921 2253 et
936 2191 1126 2275 manipulos:

124 2298 225 2362 neque
241 2277 321 2340 enim
339 2289 453 2359 poterat
471 2292 627 2360 patescere
651 2276 743 2352 acies,
758 2276 855 2338 effuso
871 2277 969 2354 hoste,
985 2291 1016 2340 et
1031 2278 1129 2362 impe·

125 2363 274 2428 dientibus
284 2362 417 2428 tentoriis
428 2364 621 2447 sarcinisque,
633 2363 702 2426 caim
720 2362 794 2426 intra
807 2362 918 2425 vallum
933 2379 1127 2446 pugnaretur.

124 2451 225 2514 Tutor
240 2463 270 2512 et
294 2448 450 2512 Classicus
464 2464 495 2512 et
511 2449 629 2526 Civilis,
652 2449 712 2512 suis
736 2449 863 2533 quisque
885 2449 970 2527 locis,
994 2471 1128 2532 pugnam

125 2538 267 2602 ciebant:
290 2536 396 2599 Gallos
411 2541 420 2572 ‘
435 2557 488 2618 pro
503 2535 662 2611 libertate,'
678 2535 813 2598 Batavos
830 2541 904 2618 ‘pro
919 2535 1035 2618 gloria?
1048 2536 1130 2600 Ger-

125 2645 231 2690 manos
247 2622 304 2686 ‘ad
321 2622 463 2706 predam’
486 2623 672 2706 instigantes.
719 2619 761 2686 Et
783 2638 893 2686 cuncta
916 2643 969 2706 pro
992 2622 1130 2686 hostibus

126 2725 229 2776 erant:
254 2710 352 2773 donec
367 2709 446 2792 legio
456 2709 701 2784 unaetvicesima‚
715 2709 893 2792 patentiore,
906 2708 996 2793 quern
1007 2721 1129 2786 ceteras,

1189 416 1193 577 l

126 2799 223 2884 spatio
244 2796 435 2877 conglobata,
458 2797 596 2860 sustinuit
619 2809 761 2872 ruentes3
784 2817 856 2858 mox
883 2795 1014 2880 impulit.
1059 2793 1130 2860 Nec
1207 2797 1211 2877 l

125 2889 190 2952 sine
214 2906 274 2969 ope
303 2881 426 2960 Divinis,
453 2883 574 2946 mutatis
597 2880 724 2966 repente
747 2881 864 2959 animis,
888 2897 973 2964 terga
996 2882 1131 2946 victores
1209 2882 1211 2930 ἶ

126 2971 254 3038 vertere.
299 2969 371 3054 Ipsi,
388 2971 506 3034 territos
520 2991 553 3032 se
569 2969 737 3036 cohortium
754 2983 891 3052 aspectu,
904 2968 1049 3045 serebant,
1063 2991 1130 3053 quae

127 3062 224 3144 primo
239 3059 352 3142 impetu
370 3056 512 3143 disjecta,
524 3058 648 3121 summis
659 3077 758 3119 rursus
769 3055 849 3142 jugis
859 3056 1131 3138 congregabantur,

128 3169 163 3212 aa
179 3145 313 3230 speciem
330 3145 399 3208 novi
423 3145 526 3208 anxilii
543 3141 692 3208 lacerant.
731 3143 794 3206 Sed
810 3143 923 3206 obstitit
941 3143 1132 3206 vincentibus

126 3255 252 3319 pravum
269 3232 346 3294 inter
361 3232 442 3314 ipsos
457 3244 622 3307 certamen,
645 3231 731 3294 hoste
754 3230 876 3305 omisso,
892 3229 989 3312 spolia
1004 3250 1133 3292 consec·

127 3319 220 3384 tandi.
267 3317 405 3396 Cerialia,
422 3333 455 3381 ut
470 3317 584 3381 incuria
601 3316 693 3402 propia
709 3338 772 3378 rem
784 3316 901 3392 afflixit,
913 3317 952 3380 ita
963 3315 1133 3380 constantia

128 3406 275 3470 restituit:
300 3420 482 3490 secutusque
506 3403 667 3482 fortunam,
689 3417 787 3468 eastra
809 3403 939 3467 hostiurn
956 3403 1064 3466 eodem
1082 3404 1133 3466 die
1215 3423 1216 3466 l

128 3494 209 3576 capit
221 3492 443 3574 exscinditque.

172 3577 328 3644 LXXIX.
362 3579 431 3642 Nec
453 3578 482 3642 in
505 3579 628 3661 longum
653 3577 737 3662 quies
760 3577 845 3640 militi
867 3578 948 3642 data.
994 3575 1134 3642 Orabant

128 3668 272 3731 auxilium
290 3667 527 3749 Agrippinenses
539 3687 548 3742 ;
570 3666 799 3748 offerebantque
813 3687 939 3728 uxorem
953 3685 1133 3728 acsorcrem

129 3754 236 3819 Civilis
251 3767 282 3818 et
297 3754 387 3816 filiam
397 3753 533 3830 Classici,
546 3753 650 3816 relicta
662 3752 716 3814 sibi
729 3753 853 3836 pignora
865 3752 1028 3816 societatis.
1075 3753 1133 3818 At-
