2484 4316
123 206 166 272 A.
180 205 304 292 ogau]
400 187 545 309 Hispan.
571 207 648 273 Lus.
674 206 850 284 Quassus.
1067 210 1126 272 141
1189 293 1190 296 Ἴ

169 369 259 437 XVI.
284 370 401 449 Civilis,
412 371 480 434 dolo
492 373 686 455 grassandum
697 386 787 448 ratus,
798 371 943 436 incusavit
957 371 1035 436 ultrb
1047 371 1129 435 Pre-

126 456 231 535 sectos,
255 458 355 543 ‘qubd
382 459 505 520 castella
521 460 732 523 deseruissent.
780 459 821 521 Se
837 480 907 520 curn
923 459 1057 536 cohorte,
1079 459 1129 522 cui

127 561 261 629 praeerat,
287 543 518 608 Canninefatem
545 547 706 608 tumultum
723 567 988 629 compressurum:
1019 545 1059 608 illi
1076 563 1130 608 sua

127 631 253 716 quisque
280 633 415 714 hyberna
436 631 630 714 repeterent!
678 632 810 694 Subesse
835 631 969 694 fraudem
993 632 1128 708 consilio,

126 731 158 781 et
172 717 321 800 dispersas
337 719 477 781 cohortes
494 717 606 782 facilins
621 719 761 802 opprimi,
784 739 841 781 nec
856 718 1044 781 Brinnonem
1061 717 1129 780 Du·

125 824 194 867 cem
207 805 272 890 ejus
285 806 367 883 belli,
376 804 429 867 sed
443 803 574 867 Civilem
588 826 665 880 esse,
677 806 788 889 patuit:
816 805 1042 890 erumpentibus
1056 826 1129 888 pau-

64 922 66 926 ·
126 889 209 954 latim
225 892 351 970 indiciis,
376 913 440 975 quae
464 890 620 968 Germani,
648 892 713 954 lata
730 891 809 953 bello
824 913 908 975 gens,
935 913 994 954 non
1011 891 1060 954 diu
1077 913 1129 954 oc·

125 977 325 1041 cultaverant.
370 978 432 1040 Ubi
445 978 556 1041 insidia
572 999 676 1062 parum
693 977 822 1055 cessere,
836 978 873 1040 ad
891 977 950 1040 vim
966 993 1129 1060 transgres-

125 1083 187 1142 sus,
203 1063 431 1141 Canninefates,
448 1063 572 1140 Frisios,
590 1064 723 1128 Batavos
739 1065 864 1148 propriis
879 1065 981 1126 cuneis
1003 1085 1129 1148 compo·
1230 1091 1231 1096 ¹

126 1151 186 1215 nit:
211 1151 324 1215 directa
340 1174 379 1214 ex
396 1152 515 1214 diverso
531 1152 621 1228 aciae,
647 1150 726 1214 lraud
744 1151 846 1235 procul
864 1173 880 1214 a
897 1150 1019 1214 flumine
1042 1150 1129 1214 Rhe·

126 1257 176 1314 no,
197 1253 227 1302 et
249 1239 381 1301 obversis
397 1239 426 1302 in
443 1238 558 1302 hostem
576 1239 712 1314 navibus,
736 1260 819 1322 quas,
841 1237 969 1300 incensis
984 1237 1127 1315 castellis,

125 1323 197 1386 illuc
213 1325 406 1409 appulerant:
431 1347 488 1388 nec
504 1326 553 1388 diu
570 1339 696 1402 certato,
712 1324 905 1407 Tungrorum
920 1325 1028 1387 cohors
1044 1325 1128 1407 signa

126 1410 165 1473 ad
180 1409 311 1474 Civilem
328 1413 495 1474 transtulit:
520 1412 709 1496 perculsique
726 1412 835 1474 milites
850 1409 1014 1493 improvisi
1029 1410 1128 1495 prodi·

125 1497 207 1562 tione
219 1519 236 1560 a
248 1499 336 1562 sociis
349 1499 543 1581 hostibusque
558 1499 763 1560 caedebantur.
803 1495 922 1558 Eadem
939 1497 1028 1558 etiam
1046 1497 1129 1558 navi·

17 1661 22 1670 Ι
124 1583 181 1647 bus
197 1585 332 1668 perfidia.
378 1583 454 1647 Pars
466 1584 611 1665 remigum
628 1605 645 1645 e
662 1583 797 1658 Batavis,
811 1597 953 1666 tanquam
969 1581 1128 1666 imperitiis,

126 1671 225 1732 officia
255 1683 412 1732 nautarum
443 1685 759 1752 propugnatorumque
789 1668 1017 1750 impediebant:
1056 1689 1129 1730 mox

126 1755 232 1818 contria
247 1755 382 1832 tendere,
399 1769 430 1818 et
447 1777 565 1838 puppes
582 1756 678 1818 hostili
695 1756 765 1838 ripae
781 1753 930 1838 objicere:
959 1754 996 1817 ad
1014 1775 1129 1837 postre-

126 1861 209 1904 mum
235 1843 449 1923 gubernatores
471 1842 742 1927 Centurionesque‚
768 1841 822 1904 nisi
850 1841 956 1902 eudem
981 1841 1128 1919 volentes,

126 1927 286 2004 trucidant,
303 1928 409 1991 donec
425 1927 563 1991 universa
579 1943 706 2013 quatuor
721 1941 752 1992 et
768 1927 869 2011 viginti
885 1929 1006 1992 navium
1026 1928 1129 1992 classis

125 2013 337 2098 transfugeret,
353 2031 402 2080 aut
417 2030 586 2100 caperetur.

170 2099 280 2164 XVlI.
305 2100 395 2166 Clara
412 2123 448 2166 ea
464 2104 585 2166 victoria
602 2104 630 2167 in
647 2125 787 2188 presens,
814 2104 843 2168 in
868 2118 1020 2188 posterum
1041 2105 1126 2168 usui:

124 2209 268 2272 armaque
295 2204 325 2254 et
349 2211 452 2266 naves,
476 2191 582 2276 quibus
599 2192 782 2274 indigebant,
809 2192 921 2275 adepti,
949 2191 1059 2274 magnai
1075 2213 1128 2275 per

124 2274 302 2338 Germanias
318 2275 503 2362 Galliasque!
518 2275 608 2354 lamb,
636 2279 800 2342 ‘libertatis
815 2277 963 2340 auctores'
990 2277 1127 2340 celebra·

124 2360 241 2426 bantur.
289 2362 458 2426 Germaniae
474 2365 572 2427 statim
598 2364 706 2427 misere
729 2365 854 2447 legatos,
871 2365 982 2427 auxilia
997 2364 1127 2426 offeren-

124 2460 181 2512 tes.
224 2447 390 2514 Galliarum
408 2451 583 2515 societatem
600 2452 707 2516 Civilis
719 2467 782 2514 arte
794 2451 940 2535 donisque
956 2450 1126 2527 affectabat,

123 2549 228 2620 captos
242 2537 411 2600 cohortium
428 2537 593 2601 Praefectos
618 2559 687 2600 suas
713 2538 742 2600 in
766 2538 902 2600 civitates
925 2535 1126 2600 remittendo:

123 2621 303 2700 cohortibuS,
320 2625 412 2701 abire,
438 2645 474 2686 an
491 2645 614 2687 manere
631 2624 765 2698 mallent,
782 2622 852 2686 datii
868 2636 1038 2707 potestate:
1064 2643 1127 2686 ma·

122 2709 260 2773 nautibus
276 2711 420 2773 honorata
436 2710 559 2788 militia3
589 2710 825 2793 digredientibus
847 2709 943 2792 spolia
970 2707 1127 2772 Romano·

122 2815 187 2858 rum
203 2796 418 2860 offerebantur.
464 2796 560 2860 Simul
584 2797 707 2860 secretis
733 2795 920 2859 sermonibus
945 2795 1126 2858 admonebat

123 2883 301 2959 ‘malorum
314 2905 379 2968 quae
391 2896 436 2946 tot
452 2884 535 2946 aunis
553 2885 697 2967 perpessi,
712 2883 850 2946 miseram
866 2881 1038 2944 servitutem
1052 2879 1126 2943 salsb

122 2988 230 3051 pacem
257 2983 410 3033 vocarent.
456 2969 601 3047 Batavos,
625 2991 795 3054 quanquam
820 2969 996 3031 tributorum
1017 2988 1126 3050 exper-

121 3069 176 3132 tes,
193 3077 277 3118 arma
299 3070 403 3119 contra
427 3077 605 3118 communes
625 3057 761 3117 dominos
777 3055 916 3136 cepisse:
942 3051 1038 3136 primia
1059 3052 1125 3116 acie

121 3135 219 3206 susum
237 3142 412 3227 victumque
429 3141 623 3205 Romanum:
647 3142 742 3226 quid?
766 3143 790 3205 si
807 3141 913 3204 Gallia
924 3139 1032 3224 jugum
1048 3160 1125 3202 exu-

29 3297 33 3305 ,
119 3231 191 3292 anti
216 3231 416 3313 quantumin
441 3227 527 3292 ltalia
551 3229 720 3312 reliquum?
746 3228 964 3311 provinciarum
980 3225 1124 3307 sanguine

120 3315 289 3398 provincias
315 3316 410 3378 vinci:
442 3337 481 3387 ne
506 3313 644 3378 Vindicis
667 3315 763 3377 aciem
788 3314 975 3395 cogitarent:
1004 3311 1124 3376 Batavo

119 3402 219 3486 equite
237 3403 373 3485 protritos
388 3401 507 3464 AEduos
524 3403 756 3485 Arvernosque3
787 3400 877 3462 luisse
900 3400 975 3464 inter
988 3395 1124 3481 Verginii

120 3489 229 3552 auxilia
246 3488 378 3570 Belgas:
402 3488 535 3572 vereque
551 3489 767 3572 reputantibus,
793 3486 921 3549 Galliam
938 3487 1063 3550 suismet
1079 3485 1124 3548 vi-

119 3573 199 3638 ribus
213 3576 393 3638 concidisse.
440 3573 532 3637 Nunc
548 3575 670 3636 easdenr
688 3573 821 3636 omnium
840 3588 949 3656 partes,
971 3572 1082 3648 addito,
1099 3572 1124 3635 si

120 3660 346 3742 quid-militaris
369 3661 530 3745 disciplinae
557 3661 585 3722 in
609 3661 713 3723 castris
740 3657 947 3722 Romanorum
974 3658 1121 3739 viguerit:

120 3763 185 3810 esse
212 3769 317 3813 secum
335 3762 492 3813 veteranas
514 3747 665 3825 cohortes,
690 3746 795 3832 quihus
818 3766 915 3831 nuper
929 3743 1061 3808 Othonis
1080 3743 1124 3807 le·
