2484 4316
140 192 202 255 156
464 187 506 256 C.
530 189 640 258 corr.
662 185 788 256 Trcrrr
936 189 991 277 [Α.
1007 187 1050 258 U.
1064 193 1144 260 822.
1214 271 1215 274 Ἴ

137 351 316 430 tersecerat3
351 351 495 416 Sosianus
526 354 672 438 pravitate
703 375 820 418 morum
850 355 951 419 multis
981 357 1141 422 exitiosus.

139 443 241 506 Ambo
266 439 348 523 gravi
364 439 494 502 Senattis
516 441 655 504 consulto
678 441 808 504 damnati
833 442 980 526 pulsique,
1005 445 1144 526 quamvis

138 548 284 592 concesso
306 527 369 588 aliis
393 525 500 602 reditu,
527 526 555 588 in
581 525 689 589 eisdem
714 526 806 611 poenia
823 531 928 590 retenti
944 543 1025 590 sunt.
1071 529 1144 594 Nec

138 615 207 678 idco
230 613 320 675 lenita
346 633 417 694 erga
432 609 609 675 Mucianum
626 613 747 676 invidia.
793 611 920 696 Quippe
937 614 1082 678 Sosianus
1106 637 1143 680 ac

139 699 255 782 Sagitta
273 699 355 774 viles,
371 698 461 760 etiem
480 698 504 760 si
520 713 758 762 reverterentur:
790 716 996 763 accusatorum
1020 701 1142 784 ingenia

139 801 169 850 et
184 807 258 868 opes
275 798 305 846 et
320 785 454 847 exercita
471 783 556 848 malis
571 786 680 849 artibus
697 786 828 870 potentia
840 787 1033 850 timebantur.

182 869 284 934 XLV.
308 869 528 934 Reconciliavit
552 872 703 956 paulisper
727 872 825 935 studia
850 888 966 956 patrum
992 873 1094 936 habita
1111 875 1140 938 in

138 959 252 1022 Senatu
274 957 404 1038 cognitio
419 957 585 1021 seeundirm
603 974 736 1021 veterem
759 979 885 1021 morem.
931 958 1064 1022 Manlius
1079 960 1141 1023 Pa-

137 1045 252 1121 truitus,
277 1043 435 1120 ‘Senator,
462 1045 636 1126 ‘pulsatum
659 1067 692 1108 se
719 1045 748 1107 in
771 1045 891 1108 cotontt
913 1045 1040 1108 Senensi
1057 1062 1140 1110 coetu

137 1131 334 1194 multitudinis
344 1144 374 1193 et
381 1129 467 1215 jussu
484 1129 724 1212 Magistratuum'
736 1131 935 1216 querebatur:
958 1139 1035 1194 ‘nec
1047 1133 1140 1196 finem

138 1217 250 1303 injurie
274 1214 322 1280 lric
345 1217 480 1280 stetisse:
506 1217 658 1299 planctum
674 1232 705 1280 et
720 1218 851 1281 lamenta
875 1231 906 1280 et
928 1239 1139 1302 supremorum

138 1304 299 1386 imaginem
316 1305 452 1386 praesenti
468 1304 522 1366 sibi
537 1304 722 1368 circumdata
737 1325 807 1367 cnm
822 1306 1011 1368 contumeliis
1027 1319 1059 1368 et
1069 1327 1141 1390 pro·

138 1390 208 1467 bris,
225 1411 289 1474 qnae
310 1391 339 1452 iu
362 1388 509 1452 Senatum
526 1391 697 1453 universum
710 1389 905 1475 jacerentur?
950 1389 1070 1468 Vocati,
1088 1393 1142 1477 qui

138 1479 347 1559 arguebantur.
393 1474 436 1538 Et
451 1475 572 1557 cognita
586 1476 688 1553 causi,
713 1479 742 1539 in
765 1477 921 1540 convictos
942 1477 1140 1541 vindicatum.

137 1564 345 1648 Additamque
372 1561 501 1624 Senetds
530 1563 712 1640 consultum,
739 1585 800 1648 quo
829 1563 1008 1626 Senensium
1032 1564 1141 1646 plebes

139 1649 290 1713 modestiae
316 1649 539 1711 admoneretur.
585 1647 696 1712 lisdem
712 1649 818 1712 diebus
834 1650 981 1712 Antonius
998 1648 1143 1713 Flamma
1206 1687 1209 1692 -

138 1735 366 1819 Cyrenensibus
388 1734 545 1798 damnetur
570 1735 638 1818 lege
665 1735 909 1820 repetundarum,
936 1750 968 1798 et
991 1736 1085 1800 csilio
1101 1737 1140 1800 ob

138 1838 294 1886 saevtuam.

181 1905 304 1970 XLVl.
328 1907 490 1992 Interque
507 1909 637 1972 militaris
653 1909 760 1972 seditio
777 1908 872 1992 prope
888 1909 1009 1972 exarsit.
1057 1907 1141 1973 Prae·

138 1995 282 2059 torianarn
300 1994 431 2058 militiam
447 1996 624 2078 repetebant
640 2015 657 2056 a
672 1993 794 2058 Vitellio
810 1995 931 2071 dimissi,
949 2017 1002 2078 pro
1019 1993 1142 2078 Vespa·

138 2081 221 2145 siano
235 2081 427 2162 congregati:
451 2095 481 2142 et
498 2079 615 2143 illectus
631 2081 659 2143 in
676 2081 805 2144 eandem
821 2101 918 2164 spem,
934 2101 952 2142 e
968 2081 1140 2162 legionibus

138 2168 224 2232 miles
251 2166 395 2250 promissa
421 2166 566 2248 stipendia
592 2166 759 2248 flagitabat:
780 2188 828 2230 «ne
843 2165 996 2231 Vitelliani
1013 2168 1139 2252 quidem

138 2256 202 2320 sine
216 2251 308 2316 multi
320 2253 403 2316 cede
416 2253 484 2337 pelli
503 2267 661 2336 poterant3
685 2254 738 2317 sed
754 2253 900 2318 immensa
916 2254 1143 2336 pecuniadice·

137 2342 234 2417 batur,
261 2338 322 2424 quai
343 2353 425 2402 tanta
443 2340 489 2402 vis
515 2340 670 2402 hominum
691 2339 847 2403 retinenda
862 2354 936 2402 erat.
983 2338 1142 2422 Ingressus

137 2443 234 2492 castra
251 2425 420 2502 Mucianus,
443 2424 503 2509 qud
527 2425 637 2488 rectiirs
659 2426 806 2510 stipendia
821 2425 1004 2508 singulorum
1020 2441 1142 2511 specta·

138 2529 194 2591 ret,
218 2513 363 2576 suiacum
379 2512 542 2592 insignibus
564 2513 713 2597 armisque
734 2513 863 2575 victores
884 2513 1048 2588 constituit,
1074 2535 1143 2576 rno-

139 2601 213 2664 dicis
228 2600 304 2662 inter
319 2620 351 2661 se
366 2598 468 2682 spatiis
484 2598 639 2661 discretos.
684 2597 767 2661 Tum
776 2597 954 2676 Vittelliani,
970 2619 1045 2682 quos
1057 2599 1141 2682 apud

139 2687 273 2752 Bovillas
295 2685 324 2748 in
351 2684 534 2748 deditionem
550 2700 691 2768 acceptos
714 2685 956 2761 memoravimus
983 2685 1141 2770 ceterique

140 2795 194 2858 per
215 2773 320 2834 urbem
338 2785 368 2833 et
384 2771 447 2833 urbi
466 2771 562 2834 vicina
576 2772 745 2855 conquisiti,
762 2772 968 2854 producuntur
983 2771 1079 2855 propit
1096 2773 1142 2834 in-

138 2874 220 2924 tecto
235 2877 372 2943 corpore.
418 2855 514 2920 ‘Eos'
539 2857 698 2920 Mucianus
722 2857 851 2934 ‘diduci
875 2873 906 2920 et
922 2857 1141 2921 Germanicum

138 2946 407 3029 Britannicumque
423 2944 559 3020 militem,
576 2945 649 3007 acsi
666 2944 715 3029 qui
732 2944 856 3007 aliorum
873 2944 1074 3021 exercituum,
1094 2965 1144 3008 se-

139 3033 263 3119 paratim
280 3029 439 3106 assistere,'
452 3029 550 3115 jubet.
597 3029 667 3092 lllos
683 3031 794 3114 primus
808 3031 908 3094 statim
924 3045 1063 3115 aspectus
1086 3032 1143 3095 ob·

139 3117 358 3202 stupefecerat:
387 3115 456 3179 citm
473 3139 514 3179 en
529 3117 648 3180 diverso
664 3117 746 3180 velut
772 3117 879 3194 aciem,
906 3117 973 3180 telis
995 3131 1026 3180 et
1050 3119 1142 3181 armis

139 3221 266 3280 trucem,
281 3217 378 3266 semet
392 3203 510 3268 clausos
527 3203 683 3288 nudosque
706 3217 737 3266 et
762 3204 864 3267 illuvie
880 3201 1042 3280 deformes,
1058 3205 1141 3288 aspi-

139 3306 252 3358 cerent.
300 3288 342 3354 Ut
360 3289 431 3352 verb
447 3291 506 3352 ltuc
522 3290 592 3352 illuc
607 3289 727 3352 distrahi
741 3289 875 3372 crepere,
891 3305 989 3352 metus
1005 3311 1059 3374 per
1072 3312 1142 3354 orn·

140 3399 194 3444 nes
209 3393 239 3440 et
256 3377 404 3461 praecipua
421 3375 592 3439 Germanici
605 3376 706 3458 ¹militis
722 3375 858 3452 formido,
879 3389 1021 3460 tanquam
1038 3375 1077 3438 ei
1091 3398 1142 3440 se·

140 3465 292 3550 paratione
304 3461 341 3524 ad
357 3461 471 3524 caedem
487 3463 723 3526 destinarentur:
747 3483 887 3546 prensare
902 3464 1143 3546 commanipula-

139 3554 215 3617 rium
233 3564 364 3634 pectora,
390 3549 556 3612 cervicibus
583 3549 702 3624 innecti,
727 3569 869 3633 suprema
894 3549 997 3611 oscula
1023 3565 1141 3633 petere,

141 3650 198 3702 ‘ne
214 3638 422 3699 desererentur
436 3635 501 3710 soli,
529 3657 598 3710 neu,
623 3636 654 3698 in
680 3635 742 3717 pari
756 3634 858 3712 nausia,
879 3635 1029 3718 disparem
1047 3635 1142 3700 lortu·
1214 3663 1215 3732 p

141 3747 209 3788 nam
228 3735 416 3807 paterentur:
441 3720 532 3784 modo
549 3721 735 3800 Mucianum,
748 3721 839 3786 motlb
855 3721 1009 3786 absentent
1022 3721 1143 3786 Princi·
1214 3733 1215 3760 ³
