2516 4250
155 215 200 277 'ta
491 211 532 276 Ο.
556 210 665 277 Coan.
687 209 812 275 Trcrst
956 211 1013 295 [A.
1025 208 1069 274 U.
1082 212 1159 275 822.

156 379 277 454 bantur,
291 376 494 461 strepentibus
517 377 555 440 ab
572 390 699 462 utroque
723 376 797 439 mari
821 375 994 440 itineribus:
1017 377 1159 440 exhausti

157 465 363 530 conviviorum
380 465 571 548 apparatibus
588 464 739 548 principes
761 463 938 527 civitatum:
963 464 1160 526 vastabantur

156 554 228 638 ipsae
242 553 398 616 civitates:
423 551 652 634 degenerabata
668 550 770 612 labore
780 571 815 614 ac
828 551 937 612 virtute
947 551 1044 627 miles,
1056 571 1160 614 assue-

156 641 260 704 tudine
276 639 463 723 voluptatum
474 652 506 702 et
520 651 675 701 contemtu
689 635 797 700 Ducis.
844 635 991 700 Praemisit
1007 638 1036 699 in
1052 637 1159 700 urbem

156 726 302 800 edictum,
329 747 389 810 quo
406 725 585 788 vocabulum
607 723 746 808 Augusti
767 721 911 800 differret,
941 723 1073 787 Cesar-is
1096 745 1158 786 non

156 813 316 896 reciperet,
331 812 402 875 crim
418 812 457 873 de
481 825 629 896 potestate
644 811 718 874 nihil
740 810 922 873 detraheret.
969 809 1054 874 Pulsi
1071 809 1160 874 lulis

156 899 373 962 mathematici.
417 898 548 962 Cautum
570 897 687 974 severb,
711 901 772 960 ‘ne
796 895 923 981 Equites
939 895 1072 961 Romani
1087 897 1161 960 ludo

156 1002 187 1050 et
207 984 299 1048 arenti
323 985 549 1070 polluerentur.’
594 983 715 1048 Priores
738 984 768 1048 id
791 982 949 1066 Principes
974 983 1104 1066 pecuniis
1125 999 1158 1046 et

156 1072 265 1156 sepiirs
281 1073 308 1134 vi
326 1073 538 1155 perpulerant:
563 1092 598 1134 ac
621 1071 767 1156 pleraque
790 1072 953 1154 municipia
975 1085 1006 1133 et
1028 1071 1155 1134 coloniae

156 1160 383 1236 aemulabantur,
397 1157 654 1242 corruptissimum
670 1177 823 1244 quemque
838 1157 1075 1221 adolescentium
1088 1179 1158 1242 pre-

156 1247 198 1310 tio
214 1247 336 1308 illicere.

200 1331 321 1396 LXlll.
347 1331 410 1396 Sed
432 1329 583 1408 Vitellius,
607 1330 739 1394 adventu
764 1329 870 1407 fratris,
897 1345 928 1394 et
958 1331 1159 1414 irrepentibus

156 1419 366 1482 dominationis
389 1419 545 1500 magistris,
561 1417 719 1502 superbior
740 1431 772 1480 et
794 1419 932 1495 atrocior,
947 1419 1046 1481 occidi
1062 1418 1159 1482 Dola-

155 1506 266 1569 bellam
278 1505 378 1591 jussit,
394 1527 485 1590 quem
508 1505 537 1568 in
560 1505 709 1568 coloniam
728 1503 911 1590 Aquinatem
936 1504 1102 1587 sepositum
1119 1506 1159 1568 ab

155 1591 281 1657 Othone
304 1593 470 1657 retulimus.
516 1591 686 1668 Dolabella,
709 1590 812 1654 auditi
834 1606 929 1654 morte
952 1592 1093 1670 Othonis,
1110 1613 1160 1655 ur-

156 1680 227 1744 bem
243 1681 414 1744 introierat:
439 1679 513 1743 idei
530 1678 674 1742 Plancius
692 1675 802 1754 Vams,
819 1677 955 1741 Praeturia
969 1677 1099 1756 functus,
1116 1699 1159 1742 ex

157 1767 268 1830 intimis
285 1766 453 1830 Dolabella
469 1766 583 1842 amicis,
599 1764 679 1850 apud
695 1762 834 1827 Flavium
853 1763 1010 1842 Sabinum,
1027 1763 1112 1828 Pras
1145 1801 1161 1816 -

156 1868 220 1916 turn
237 1853 329 1928 urbis,
344 1852 466 1937 objecit,
477 1866 619 1936 tanquam
632 1849 722 1935 rupti:
735 1849 883 1927 custoditi,
894 1851 1015 1914 Ducem
1028 1874 1061 1914 se
1073 1853 1159 1917 victis

156 1941 289 2022 partibus
305 1938 505 2002 ‘ostentdsset
518 1937 537 2000 :'
561 1938 685 2014 addidit,
710 1944 875 2000 ‘tentatam
896 1940 1062 2016 cohortem,
1090 1961 1158 2023 quae

156 2024 252 2088 Ostia:
264 2041 365 2106 ageret
379 2024 398 2087 :’
421 2045 478 2087 nec
494 2024 561 2086 ullis
576 2038 725 2088 tantorum
740 2025 897 2088 criminum
915 2025 1159 2109 probationibus:

156 2112 186 2175 in
204 2112 411 2196 poenitentiam
423 2133 525 2174 versus
541 2132 650 2184 seram,
668 2112 785 2174 veniam
803 2128 868 2194 post
883 2113 981 2175 scelus
994 2112 1160 2196 quaerebat.

157 2197 361 2263 Cunctantem
382 2219 475 2281 super
490 2197 574 2261 tantis
588 2220 620 2261 re
637 2196 778 2262 Flavium
794 2198 951 2275 Sabinum,
972 2197 1100 2274 Triaria,
1117 2198 1159 2262 L.

157 2284 271 2349 Vitellii
298 2307 385 2362 uxor,
408 2287 485 2348 ultra
508 2284 662 2349 loeminam
686 2284 783 2362 ferox,
802 2286 915 2361 terruit,
940 2307 979 2347 ne
1001 2285 1159 2368 ‘periculo

157 2367 306 2456 Principis
331 2371 439 2434 lamam
467 2372 634 2435 clementia
658 2371 835 2436 affectaret.’
882 2371 1022 2448 Sabinus,
1047 2386 1159 2456 suopte

157 2459 278 2540 ingenio
294 2459 383 2535 miris,
399 2459 449 2522 ubi
465 2457 593 2522 formido
615 2458 797 2534 incessisset,
813 2455 907 2522 lacilis
929 2471 1057 2535 mutatu,
1080 2471 1112 2521 et
1128 2459 1160 2522 in

157 2546 256 2610 alieno
271 2546 441 2609 discrimine
455 2545 510 2609 sibi
527 2565 653 2629 pavens,
664 2565 702 2608 ne
712 2543 859 2610 allevasse
871 2545 1030 2622 videretur,
1040 2545 1160 2629 impulit

157 2648 308 2696 ruentem.

201 2717 326 2782 LXlV.
352 2717 444 2801 Igitur
460 2717 614 2795 Vitellius,
630 2730 712 2781 metu
730 2731 760 2782 et
775 2718 855 2794 odio,
872 2717 951 2803 qudd
971 2717 1160 2796 Petroniam,

158 2828 284 2871 uxorem
301 2805 377 2892 ejus,
395 2827 467 2868 mox
490 2805 651 2869 Dolabella
677 2805 705 2867 in
733 2806 954 2868 matrimonium
978 2807 1161 2888 accepisset,

157 2910 298 2958 vocatum
326 2914 379 2975 per
396 2893 547 2976 epistolas,
572 2890 686 2954 ‘vitatis
707 2890 863 2955 Flaminiae
891 2893 950 2967 viae,
970 2893 1159 2969 celebritate,

157 2981 314 3044 devertere
333 2978 546 3044 lntemmnium
563 2994 654 3066 atque
669 2979 708 3042 ibi
725 2979 859 3041 interfici’
871 2977 970 3064 jussit.
1017 2978 1162 3060 Longum

157 3067 339 3131 interfectori
357 3069 474 3130 visum:
498 3069 527 3130 in
551 3067 656 3129 itinere
677 3087 712 3130 ac
735 3064 860 3128 tabemri
883 3065 1049 3150 projectum
1074 3066 1161 3128 humi

154 3154 323 3241 jugulavit:
347 3153 456 3236 magnh
471 3175 541 3216 cum
561 3151 673 3215 invidit
695 3154 765 3215 novi
782 3151 984 3236 Principalis,
1000 3152 1085 3238 cujus
1101 3152 1163 3215 hoc

157 3245 288 3326 primum
304 3243 458 3325 specimen
482 3239 671 3303 noscebatur.
718 3237 894 3303 EtTriariae
918 3240 1068 3303 licentiam
1092 3261 1160 3302 mo·

157 3329 273 3393 destum
287 3350 304 3390 e
322 3325 645 3410 proximoexernplum
657 3325 811 3402 onerabat,
822 3325 953 3402 Galeria,
967 3325 1161 3410 Imperatoris

157 3438 245 3492 uxor,
258 3437 316 3478 non
334 3415 471 3476 immixta
487 3413 634 3476 tristibus:
659 3427 689 3475 et
706 3414 767 3497 pari
785 3413 932 3494 probitate
948 3429 1044 3475 mater
1060 3409 1161 3476 Vitel-

156 3504 275 3580 liorum,
302 3501 441 3576 Sextilia,
466 3500 577 3584 antiqui
602 3500 702 3562 moris.
748 3498 871 3562 Dixisse
899 3501 969 3584 quin
993 3501 1096 3576 etiam,
1120 3501 1161 3561 ad

156 3592 267 3675 primas
282 3589 332 3651 filii
345 3589 389 3652 sui
406 3587 558 3670 epistolas,
576 3585 735 3661 serebatur,
752 3591 830 3648 ‘non
847 3585 1063 3649 Germanicum
1081 3607 1097 3647 a
1113 3607 1161 3663 se,
1248 3641 1249 3650 ,

157 3679 210 3742 sed
226 3676 382 3742 Vitellium
399 3673 557 3758 genitum?
604 3671 672 3736 Nec
698 3673 765 3744 ullis
786 3687 889 3757 postea
913 3672 1036 3737 sortunae
1055 3672 1162 3736 illece-
