2556 4446
165 441 232 507 252
505 438 556 506 C.·
570 439 676 506 Coss.
701 437 827 506 Tacrrr
911 455 915 464 ’

163 625 247 682 num,
263 619 379 668 terrem.
414 601 495 668 Nec
509 625 603 668 unum
618 605 657 668 de
674 604 788 689 pupulo
798 599 962 670 Canutium
978 617 1029 667 aut
1043 601 1169 670 Arrium*

164 691 350 758 Furniumve
366 692 538 768 nominabo,
555 692 667 776 quique
687 691 752 754 aliis
774 691 802 752 in
824 691 933 754 eodem
949 691 1166 756 valetudinario·
1271 763 1272 766 Ἴ

163 780 229 844 bec
240 801 308 843 ossa
323 792 354 841 et
370 780 447 841 banc
463 779 592 842 maciem
604 779 742 860 probant.
787 777 857 862 lpse
873 777 946 840 mibi
957 776 1164 856 Calvus,cbm
1256 803 1261 814 ·

162 879 303 930 unumst
320 865 433 950 viginti,
449 880 481 929 ut
504 880 587 950 puto,
610 866 700 928 libros
726 861 889 948 reliquerit,
905 865 957 928 vix
979 865 1009 926 in
1036 863 1098 927 und
1112 877 1167 930 eut
1230 880 1238 896 ⁴
1271 919 1272 934 ,

164 952 258 1018 alteria
272 950 459 1016 oratiunculis
480 949 642 1016 satisfacit:
666 972 723 1022 nec
745 951 903 1016 dissentire
918 965 1038 1014 ceteros
1053 952 1091 1014 ab
1107 951 1167 1018 boc

163 1061 235 1104 meo
252 1039 368 1124 judicio
384 1039 489 1105 video:
514 1055 621 1124 quotus
637 1039 867 1122 enusquisque
883 1035 971 1100 Calvi
987 1038 1016 1100 in
1033 1038 1164 1102 Asitium

164 1139 216 1189 sut
232 1128 260 1187 in
277 1125 411 1196 Drusum
433 1126 528 1208 legit?
547 1139 579 1190 at
594 1124 730 1188 Hercule
745 1124 774 1188 io
793 1123 945 1186 bominum
961 1124 1164 1188 studiosorum

163 1213 301 1276 manibus
325 1225 481 1276 versantur
503 1213 721 1288 accusationes,
744 1232 809 1295 quae
832 1211 861 1273 in
887 1208 1043 1274 Vatinium
1059 1211 1167 1274 inscri-

163 1297 274 1362 buntur
289 1319 325 1362 ac
341 1298 492 1382 precipue
507 1299 640 1362 secunda
652 1319 693 1360 ex
710 1297 755 1360 bis
769 1297 884 1360 oratio:
900 1311 954 1360 'est
969 1300 1050 1360 enim
1064 1295 1168 1361 verbis

163 1400 267 1448 ornata
279 1401 310 1448 et
324 1386 490 1461 sententiis,
507 1385 688 1468 auribusque
705 1382 841 1468 judicum
858 1383 1085 1453 accommodata
1099 1405 1108 1446 a
1129 1395 1169 1448 ut

162 1470 251 1546 scias,
267 1471 364 1554 ipsum
381 1465 503 1553 quoque
518 1463 650 1533 Calvum
663 1469 859 1546 intellexisse,
876 1470 946 1554 quid
964 1471 1071 1533 melios
1085 1485 1166 1536 esset

162 1575 222 1620 sec
238 1557 434 1632 voluntatem,
450 1555 521 1640 quin
544 1555 700 1620 sublimius
721 1571 752 1620 ct
774 1555 885 1620 cultiles
907 1557 1032 1634 diceret,
1046 1556 1102 1620 sed
1118 1557 1167 1620 iu·¹

163 1643 285 1728 genium
307 1643 448 1720 serires,
471 1641 611 1707 defuisse.
657 1641 769 1716 Quint
791 1642 1002 1706 ex'Coelianis
1024 1641 1167 1708 orationi-

162 1729 244 1794 bus?
267 1751 378 1814 nempe
396 1730 440 1792 bre
457 1729 587 1814 placent,
602 1729 626 1792 si
641 1749 701 1793 nou
718 1729 874 1806 universe,
886 1747 916 1793 at
932 1744 1031 1814 partes
1046 1749 1164 1808 earum,

163 1817 193 1880 io
210 1817 318 1902 quibus
333 1813 462 1879 nitorem
483 1831 516 1880 et
538 1815 725 1880 altitudinem
742 1816 850 1878 borum
867 1832 1165 1900 temporumagnus-

162 1903 268 1968 simtu.
315 1903 429 1968 Sordes
451 1913 562 1967 autem
579 1904 737 1981 verborum
760 1916 791 1965 et
815 1903 900 1966 hians
928 1903 1109 1985 compositio
1132 1915 1165 1966 et

161 1989 304 2054 inconditi
319 2009 424 2052 sensus
435 1989 571 2052 redolent
583 1990 788 2074 antiquitatem
801 2009 809 2051 ι
832 2009 889 2051 nec
902 2009 1074 2073 quenquam
1086 1987 1168 2052 adeb

162 2076 361 2159 antiquarium
379 2089 462 2158 puto,
478 2089 511 2138 ut
525 2073 713 2139 Coeliumex
729 2074 768 2137 ed
783 2091 866 2158 parte
881 2075 995 2151 laudet,
1012 2074 1074 2158 qut
1087 2075 1165 2138 anti·

162 2179 240 2246 quus
254 2173 311 2222 est.
357 2159 574 2240 Concedamns
588 2161 661 2224 sane
677 2159 718 2224 C.
732 2161 856 2238 Cesari,
869 2175 901 2226 ut
914 2177 1034 2246 propter
1048 2160 1168 2243 magni-

162 2247 299 2312 tudinem
314 2246 528 2328 'cogitationum
544 2262 575 2310 et
589 2248 806 2329 occupationes
827 2269 926 2310 rerum
942 2248 1041 2311 minus
1056 2248 1085 2310 in
1101 2247 1167 2310 elo·

20 2309 32 2396 ³:
141 2365 146 2377 „
163 2331 287 2420 quentilt
302 2333 447 2410 effecerit,
460 2332 551 2418 qulam
567 2332 713 2397 Divinum
726 2331 791 2418 ejus
801 2333 953 2414 ingenium
971 2333 1162 2417 postulabat:

161 2437 222 2486 tam
240 2419 385 2494 Hercule,
402 2417 490 2508 qulam
508 2419 636 2484 Brutum
654 2415 850 2504 philosophie
868 2441 928 2484 sue
945 2421 1161 2504 relinquamus.

163 2506 257 2586 Nam,
280 2509 308 2571 in
325 2508 508 2572 orationibus
524 2508 670 2572 minorem
693 2527 761 2569 esse
784 2505 864 2568 tamt
882 2505 948 2582 sud,
963 2507 1053 2569 etiam
1069 2505 1169 2569 admi·

162 2609 276 2658 ratores
288 2593 354 2679 ejus
366 2594 506 2658 latentur.
553 2591 622 2656 Nec
637 2592 711 2656 sorte
727 2591 883 2676 quisquam
900 2607 951 2656 aut
966 2591 1095 2660 casaris
1110 2609 1168 2676 pro

162 2679 264 2744 Decio
277 2679 425 2754 Samnite,
441 2693 494 2741 aut
509 2679 597 2742 Bruti
622 2697 676 2762 pro
688 2678 834 2742 Deiotaro
855 2678 956 2760 Rege,
971 2695 1169 2764 certerosque

162 2765 299 2849 ejusdem
316 2764 501 2826 lentitudinis
516 2783 552 2826 sc
567 2765 679 2848 teporis
696 2764 785 2829 libros
801 2764 883 2846 legit,
899 2765 954 2828 nisi
975 2766 1024 2850 qui
1048 2779 1079 2829 et
1098 2785 1170 2828 car·

162 2851 243 2915 mina
266 2849 432 2911 eorundem
459 2849 599 2914 miratur:
624 2849 761 2914 iecerunt
774 2851 854 2914 enim
875 2867 906 2915 et
924 2853 1058 2915 carmina
1077 2865 1109 2915 st
1131 2851 1165 2916 in

161 2935 371 3000 Bibliotbeeas
392 2936 567 3014 retulerunt,
584 2957 642 3004 nott
666 2937 773 3002 mellite
791 2937 881 3022 quim
898 2936 1021 3014 Cicero,
1045 2951 1075 3002 at
1098 2935 1170 3003 leli·
1271 2963 1272 2968 ¹

161 3021 237 3098 cibs,
253 3023 322 3108 quia
345 3023 412 3086 illos
428 3022 535 3088 secisse
558 3025 714 3109 pauciores
733 3025 842 3087 sciunt.
890 3025 1012 3088 Asinius
1032 3045 1169 3109 quoque,

162 3129 333 3196 quanquam
358 3111 544 3194 propioribus
566 3111 751 3193 temporibus
773 3126 860 3173 natus
880 3113 928 3186 sit,
951 3111 1069 3174 videtur
1090 3111 1168 3176 mibi

161 3197 239 3262 inter
263 3195 423 3259 Menenios
445 3211 476 3259 et
493 3197 609 3280 Appios
630 3197 791 3260 studuisse.
838 3197 1003 3261 Pacuvium
1027 3197 1109 3261 certe
1134 3217 1169 3264 et

161 3284 282 3348 Attium
307 3305 366 3346 non
390 3282 487 3347 soldm
511 3283 750 3366 tragoediis,’sed
777 3283 867 3346 etiam
891 3285 1073 3348 orationibus
1102 3285 1172 3348 suis

162 3371 330 3456 expressit:
356 3369 433 3433 adeb
449 3368 541 3432 durus
558 3384 588 3432 et
611 3371 709 3432 siccus
732 3383 788 3434 est.
835 3369 942 3437 Oratio
957 3387 1070 3447 autem,
1086 3371 1169 3436 sicut

160 3477 269 3544 corpus
286 3457 424 3534 hominis,
437 3477 473 3520 ea
489 3457 611 3519 demum
623 3457 749 3542 pulchre
763 3471 819 3533 est,
836 3457 864 3520 io
882 3457 943 3543 quit
958 3479 1016 3520 non
1029 3458 1170 3522 eminent

161 3563 256 3622 sene,
280 3567 336 3607 nec
352 3565 419 3608 ossa
435 3559 639 3620 numerantur,
655 3543 708 3606 sed
725 3557 911 3628 temperatos
926 3565 962 3607 ac
984 3545 1081 3608 bonus
1095 3563 1169 3608 san-

161 3629 226 3710 guis
242 3631 348 3714 implet
364 3632 499 3694 membra
511 3645 542 3693 et
554 3631 689 3712 exsurgit
701 3631 783 3705 toris,
796 3633 937 3716 ipsosque
954 3651 1063 3694 nervos
1075 3631 1169 3694 rubor

161 3715 235 3795 tegit
250 3732 281 3778 et
303 3717 396 3780 decor
410 3716 614 3780 commendat,
660 3715 743 3781 Nolo
758 3716 925 3782 Corvinum
950 3718 1077 3802 insequi,
1093 3718 1166 3802 quia

161 3821 220 3886 non
239 3822 291 3882 per
303 3802 400 3882 ipsum
416 3805 543 3880 stetisse,
555 3803 615 3888 qud
630 3803 728 3867 mimis
744 3803 874 3868 letitiam
891 3807 1078 3889 nitoremque
1094 3824 1169 3866 nos·

160 3899 273 3948 trorum
289 3901 459 3966 temporum
476 3891 671 3972 exprimeret,
684 3890 831 3968 ridemus,
844 3892 873 3954 in
889 3907 1035 3978 quantum
1047 3890 1165 3978 judicio
1271 3911 1272 3934 ¹

162 3970 228 4055 ejus
243 3969 287 4032 vis
302 3984 353 4031 aut
369 3969 525 4037 animi‘aut
541 3976 652 4058 ingenii
668 3975 799 4038 suffecit.
