2516 4250
123 189 168 256 8⁰
466 189 507 258 C.
531 189 641 258 Corra.
662 187 799 256 Trotrt·
907 189 962 274 [A.
976 187 1018 254 U.
1032 189 1112 254 822.
1226 207 1228 225 ¹

123 355 369 508 :tutta-tte
384 355 606 506 qn...
627 369 741 506 ‘tu
761 354 1114 505 rtrttlrr‘rtt

123 465 204 615 ,ida
220 465 412 594 ...ulls
427 465 612 606 lllll‘?
625 464 828 594 talla
1002 463 1039 526 '¹¹

32 658 34 662 -
122 617 255 680 manicas
271 617 405 697 legiones
420 617 449 680 in
465 616 596 702 Syriam,
621 617 659 680 ad
685 615 816 679 militiam
836 617 1004 696 opulentam
1027 613 1111 698 quie·

121 718 255 787 tamque,
279 703 469 781 transferret;
491 703 597 768 contris
612 702 742 786 Syriacis
756 701 917 784 legionibus
933 699 1112 763 Germanica

120 788 268 873 hyberna,
283 791 365 854 coelo
380 811 416 854 ac
431 790 581 854 laboribus
596 791 679 865 dura,
693 787 895 852 mutarentur.'
939 783 1063 869 Quippe
1079 799 1111 850 et

120 877 320 960 provinciales
335 891 422 940 sueto
436 878 562 940 militurn
578 875 772 958 contubernio
786 874 963 957 gaudebant,
979 873 1111 957 plerique

120 963 391 1026 necessitudinibus
406 977 438 1027 et
452 963 720 1048 propinquitatibus
736 961 839 1038 mixti3
862 976 892 1024 et
907 961 1042 1022 militibus
1057 979 1111 1022 re·

119 1062 230 1112 tustate
245 1049 461 1131 stipendiorum
474 1065 545 1114 nota
557 1067 587 1114 et
599 1048 751 1113 familiaria
761 1061 856 1113 castra
871 1047 899 1110 in
916 1046 1035 1110 modurn
1049 1043 1111 1108 Pe·

118 1135 232 1198 natium
249 1136 460 1216 diligebantur.

162 1219 321 1284 LXXXI.
345 1221 430 1286 Ante
446 1223 512 1286 idus
526 1221 599 1286 Julii
616 1221 702 1306 Syria
717 1219 812 1286 omnis
834 1219 863 1283 in
886 1218 992 1282 eodem
1013 1237 1110 1282 sacra·

118 1320 222 1370 mento
238 1306 303 1368 suit.
341 1307 511 1372 Accessere
534 1331 605 1372 curn
628 1329 720 1390 regno
740 1307 899 1382 Sohemus,
926 1304 1002 1368 haud
1027 1325 1111 1388 sper-

116 1391 224 1454 nendis
241 1394 370 1470 viribus3
394 1396 574 1472 AntiocbuS,
591 1395 715 1458 vetustis
736 1394 843 1477 opibus
859 1395 959 1474 ingens
975 1406 1005 1453 et
1019 1391 1110 1454 inser·

117 1477 397 1562 rieutinmRegnm
409 1481 588 1544 ditissimus:
613 1503 685 1544 mox
699 1501 752 1564 per
762 1479 896 1543 occultos
907 1499 1024 1540 suorum
1036 1499 1110 1540 nuo-

115 1565 172 1630 tioe
187 1567 306 1630 excitus
321 1565 359 1630 ab
375 1567 448 1630 urbe
465 1567 611 1652 Agrippa,
636 1568 739 1649 ignaro
753 1566 851 1630 adhuc
868 1563 998 1640 Vitellio,
1019 1563 1110 1626 celeri

115 1652 306 1732 navigatione
323 1667 556 1737 properaverat:
587 1674 645 1718 nec
669 1653 782 1716 minore
802 1653 900 1714 aniroo
916 1649 1032 1733 Regina
1047 1649 1111 1714 Be·

115 1738 217 1801 renice
235 1754 334 1819 partes
343 1738 482 1820 jurabat,
498 1739 608 1804 florens
623 1753 710 1804 etate
726 1737 890 1822 sororique,
914 1753 945 1800 et
959 1737 1021 1800 seni
1036 1757 1110 1820 quo-

115 1841 175 1907 que
192 1821 367 1906 Vepesiano
393 1825 616 1908 magnificentiis
641 1845 796 1890 munerum
821 1839 914 1906 grata.
958 1821 1110 1907 Quicquid
1232 1845 1233 1860 ³

114 1908 336 1992 prouinciarum
351 1910 471 1974 alluitur
483 1913 567 1988 mari,
580 1911 654 1976 Asiti
669 1926 759 1996 atque
774 1909 892 1974 Achaiti
906 1924 1002 1985 tenus,
1018 1929 1111 1993 quan·

114 2007 239 2077 tumque
263 1995 405 2058 introrsus
432 1997 460 2058 in
488 1996 621 2062 Pontum
648 2011 678 2064 et
695 1998 855 2062 Armenios
876 1996 1009 2078 patescit,
1028 1993 1110 2079 jura·

114 2076 205 2142 ubre:
228 2079 281 2142 sed
299 2079 428 2143 inermes
443 2080 552 2164 Legati
575 2084 729 2166 regebant,
752 2083 883 2148 nondum
907 2083 1012 2146 additis
1027 2081 1110 2164 Cap·

113 2163 248 2246 padocite
271 2165 449 2246 legionibus.
494 2168 665 2234 Consilium
680 2170 719 2233 de
743 2168 862 2234 summit
883 2190 979 2232 rerum
1003 2167 1109 2250 Beryti

113 2247 267 2314 habitum:
298 2249 369 2314 illuc
398 2251 570 2332 Mucianus,
599 2279 669 2320 curo
701 2255 824 2338 legatis
850 2253 1050 2339 Tribunisque
1078 2267 1111 2316 et

111 2334 355 2418 splendidissimo
370 2358 491 2423 quoque
513 2341 731 2408 Centurionum
746 2363 782 2406 ac
798 2342 937 2417 militum,
953 2341 1054 2404 venit:
1077 2353 1109 2403 et

112 2418 275 2484 eJudaico
298 2423 434 2486 exercitu
457 2425 536 2490 lecta
558 2428 679 2492 decora.
724 2427 859 2492 Tantum
874 2427 960 2490 simul
978 2426 1109 2510 peditum

112 2505 320 2590 equitumque,
344 2524 373 2570 et
396 2511 598 2576 emulantium
615 2515 693 2578 inter
706 2535 740 2578 se
755 2515 877 2598 Regum
895 2529 1023 2598 paratus,
1040 2533 1110 2592 spe·

110 2591 189 2654 ciem
207 2589 330 2654 fortunas
342 2592 520 2678 Principalis
536 2599 710 2664 effecerant.

153 2673 327 2740 LXXXII.
352 2677 455 2744 Prima
478 2682 549 2746 belli
575 2706 657 2762 cura,
684 2707 774 2768 agere
789 2685 945 2750 delectus:
968 2705 1108 2750 revocate

109 2774 287 2826 ueteranos:
311 2763 496 2830 destinantur
521 2769 624 2834 validae
650 2772 787 2836 ciuitates
813 2772 990 2836 exercendis
1012 2793 1108 2836 anno·

109 2869 175 2910 rum
192 2848 336 2911 officinis:
361 2851 440 2932 apud
457 2853 679 2920 Antiochenses
696 2879 801 2921 aurum
818 2873 1034 2943 argentumque
1049 2859 1109 2939 sig·

108 2946 214 2996 natur:
239 2955 336 3018 eaque
360 2951 470 3000 cuncta
497 2961 550 3021 per
576 2942 700 3006 idoneos
723 2944 882 3020 ministros,
906 2946 966 3007 suis
983 2966 1107 3029 queque

107 3019 193 3095 locis,
209 3018 433 3086 festinabantur.
479 3022 550 3107 lpse
568 3025 772 3110 Vespasianus
795 3030 887 3105 adire,
912 3031 1030 3106 hortari,
1056 3031 1107 3093 bo·
1234 3101 1235 3110 χ

108 3125 163 3168 tros
179 3105 278 3180 laude,
288 3127 397 3186 segnes
408 3111 563 3192 exemplo,
575 3113 697 3176 incitare
712 3115 830 3198 sepitis,
842 3115 931 3200 quirin
946 3137 1107 3196 coerceret

108 3190 179 3254 vitia
195 3188 288 3288 magis
304 3193 478 3270 anticorum,
503 3195 592 3279 quim
609 3200 732 3263 virtutes
748 3200 946 3264 dissimulans.
993 3201 1105 3266 Multos

106 3274 288 3358 praefecturis
306 3291 338 3338 et
362 3281 632 3360 procurationibus3
657 3286 816 3372 plerosque
833 3287 980 3351 Senatorii
996 3289 1105 3352 ordinis

106 3361 219 3424 honore
247 3361 402 3443 percoluit,
426 3365 563 3447 egregios
580 3368 656 3433 viros
678 3385 709 3434 et
732 3393 804 3436 mox
826 3375 1104 3458 summa.adeproe;

105 3447 283 3530 quibusdam
301 3445 417 3514 fortuna
441 3471 494 3532 pro
519 3452 674 3519 virtutibus
697 3455 762 3520 suit.
808 3458 994 3525 Donativnnr
1020 3461 1104 3526 militi

105 3552 205 3679 netqtle
222 3531 382 3596 Mucianus
399 3534 494 3616 primia
515 3540 672 3618 concione,
694 3543 750 3604 nisi
766 3543 897 3618 modicis,
912 3547 1103 3624 ostenderat3

105 3638 144 3680 ne
194 3619 367 3700 espasianus
383 3619 504 3768 quidem
530 3623 595 3706 plus
618 3626 698 3690 civili
721 3627 801 3692 bello
815 3631 933 3707 obtulit,
950 3632 1040 3716 quarn
1055 3633 1103 3698 alii

103 3702 133 3768 io
157 3724 253 3789 pacet
283 3705 382 3788 egregi
428 3705 529 3773 firmus
555 3710 698 3776 adversbs
721 3711 879 3781 militarem
904 3717 1102 3801 largitionem,

830 529 961 604 bellium,
980 542 1012 590 ut
1033 526 1113 590 Ger·
1155 561 1158 564 ·

1228 269 1235 354 l
