2484 4316
123 200 166 268 A.
184 165 224 268 C.
241 204 309 287 69.]
404 201 545 269 Hieron.
569 201 644 269 Lm.
668 201 843 280 Quantus.
1063 203 1124 268 153

125 368 155 432 ni
174 367 388 433 Scribonianus
411 369 573 446 abnuisset,
600 391 638 432 ne
656 369 763 454 paratis
780 369 900 454 quidem
917 368 1066 453 corrumpi
1083 367 1126 431 fa-

125 456 201 533 cilis,
218 455 295 518 adeb
312 471 450 518 metuens
465 456 589 518 incerta.
635 454 729 538 Igitur
745 455 917 532 Mucianus,
933 455 1001 540 quia
1019 477 1126 538 propa·

123 541 184 604 lam
201 543 328 626 opprimi
347 543 494 606 Antonius
517 543 669 626 nequibat,
694 543 793 606 multis
810 544 837 606 in
855 541 967 606 Senatu
989 542 1126 604 laudibus

124 629 313 691 cumulatum
336 630 459 692 secretis
484 629 635 711 promissis
658 645 772 704 onerat,
800 629 987 692 ‘citeriorem
1013 625 1126 711 Hispa-

124 714 216 778 niarn'
244 731 408 792 ostentans,
438 715 589 778 ‘discessu
615 714 716 778 Cluvii
749 714 821 777 Rufi
847 713 1003 794 vacuam3'
1037 713 1125 776 simul
1183 751 1186 759 =

125 801 230 864 amicis
259 800 324 886 ejus
347 801 532 864 Tribunatus
562 800 820 886 Praefecturasque
847 802 979 882 largitur.
1033 800 1127 878 Dein,

126 903 284 972 postquam
301 889 420 950 inanem
437 889 567 951 animum
584 909 637 972 spe
650 903 679 951 et
694 889 835 972 cupidine
852 889 1037 972 impleverat,
1051 888 1127 950 vires

117 973 244 1063 abolet:
269 973 392 1036 dimissi
407 975 435 1037 iu
453 975 588 1058 hyberna
604 975 721 1057 legione
736 973 874 1058 septimi,
898 974 983 1060 cujus
1000 975 1127 1056 flagran-

125 1060 255 1126 tissimus
271 1061 299 1123 in
317 1062 481 1125 Antonium
498 1083 592 1124 arnor.
637 1061 680 1124 Et
696 1063 782 1124 tertia
798 1063 887 1144 legio,
904 1060 1053 1124 familiaris
1070 1062 1127 1122 Ar-

126 1147 170 1210 rio
184 1145 266 1209 Varo
282 1148 378 1225 miles,
392 1148 419 1210 in
435 1147 553 1232 Syriam
570 1149 704 1210 remissa.
744 1147 818 1210 Pars
835 1147 986 1211 exercitiis
1002 1148 1031 1210 iu
1049 1147 1128 1210 Ger-

127 1233 242 1299 manias
265 1233 443 1298 ducebatur.
489 1233 540 1298 Sic
565 1249 680 1317 egesto,
727 1235 845 1319 uicquid
863 1235 1025 1311 turbidum,
1052 1234 1129 1298 redit

126 1320 191 1383 urbi
208 1341 260 1382 sua
277 1320 371 1384 forma
388 1321 531 1406 legesque
547 1336 578 1383 et
594 1321 693 1384 munia
706 1256 953 1404 Magistratuum.

170 1404 244 1470 XL.
269 1406 340 1481 Quo
364 1408 412 1470 die
434 1407 580 1471 Senatum
603 1409 753 1490 ingressus
779 1422 824 1470 est
839 1408 1043 1484 Domitianus,
1070 1407 1128 1470 ‘dc

125 1493 263 1558 absentift
286 1494 376 1578 patris
393 1493 547 1578 fratrisque
571 1515 606 1556 ae
624 1493 752 1578 juventi,
766 1493 830 1555 sub’
856 1515 949 1578 pauca
966 1509 996 1557 et
1011 1493 1128 1555 modica

126 1579 277 1656 disseruit,
294 1581 422 1643 decorus
438 1581 557 1644 babitu:
582 1595 624 1656 et,
635 1581 741 1662 ignotis
758 1581 856 1642 adbuc
873 1580 1014 1656 muribus,
1025 1580 1130 1642 crebra

125 1667 186 1730 oris
209 1665 345 1730 confusio
372 1689 426 1750 pro
448 1665 597 1729 modestia
620 1666 832 1750 accipiebatur.
878 1664 1044 1729 Referente
1060 1663 1130 1729 Cae·

127 1773 206 1830 sare,
230 1753 288 1814 ‘de
314 1752 503 1816 restituendis
530 1751 635 1816 Galbae
659 1751 841 1828 bonoribus,'
862 1753 978 1815 censuit
1005 1751 1130 1816 Curtius

128 1836 305 1914 Montanus,
317 1845 325 1876 ‘
337 1853 369 1900 ut
386 1838 503 1902 Pisonis
520 1860 639 1923 quoque
652 1839 796 1902 memoria
811 1838 1035 1902 celebraretur.'
1069 1838 1130 1902 Pa-

128 1938 190 1988 tres
206 1940 365 2009 utrumque
372 1923 513 2010 jussere:
536 1925 574 1987 de
586 1923 698 1988 Pisone
714 1925 826 1988 irritum
842 1925 908 1990 fuit.
953 1925 1035 1988 Tum
1052 1940 1130 1990 sorte

128 2010 223 2088 ducti,
240 2018 314 2094 ‘per
330 2033 404 2096 quos
419 2011 615 2075 redderentur
626 2011 705 2074 bello
717 2029 810 2096 rapta,
823 2013 935 2098 quique
950 2034 1006 2076 aera
1018 2013 1130 2094 legum,

128 2111 278 2162 vetustate
299 2098 432 2182 delapsa,
455 2113 614 2163 noscerent
630 2099 828 2184 ligeremque,
855 2114 886 2162 et
908 2099 1010 2178 fastos,
1027 2099 1130 2161 adula-

127 2185 211 2249 tione
227 2199 395 2267 temporum
412 2185 551 2260 foedatos,
568 2203 779 2262 exonerarent,
804 2187 988 2271 modumque
1004 2185 1130 2270 publicis

127 2270 273 2356 impensis
304 2269 459 2334 facerent!
516 2271 668 2334 Redditur
696 2271 803 2335 Tertio
833 2272 955 2336 Julisuo
985 2271 1130 2350 Praetura,

127 2373 288 2508 postquam
303 2357 439 2440 cognitus
454 2358 549 2422 estad
565 2356 783 2443 Vespasianum
796 2357 966 2440 confugisse
981 2381 988 2421 :
1012 2358 1131 2442 Gripbo

150 2465 224 2508 onor
239 2444 358 2507 mansit.
406 2443 518 2530 Repeti
543 2445 614 2508 inde
638 2445 838 2529 cognitionem
855 2447 932 2508 inter
955 2444 1131 2508 Musonium

126 2527 244 2594 Rufum
270 2544 300 2593 et
327 2530 366 2594 P.
384 2529 527 2595 Celerem
554 2531 678 2615 placuit,
705 2531 921 2617 damnatusque
948 2531 1076 2596 Publius
1099 2543 1131 2594 et

129 2616 236 2682 Sorani
262 2615 402 2680 Manibus
428 2617 621 2682 satisfactum.
668 2617 794 2702 lusignis
819 2617 940 2704 publicai
970 2619 1130 2682 severitate

128 2702 204 2780 dies,
230 2725 269 2766 ue
293 2705 428 2787 privatim
445 2705 576 2788 quidem·
591 2704 679 2768 laude
694 2706 799 2769 caruit.
843 2704 964 2769 Justum
987 2705 1130 2766 indicium

129 2788 271 2874 explesse
284 2789 443 2854 Musonius
458 2790 632 2854 videbatur:
655 2791 773 2854 diversa
790 2790 868 2854 fama
884 2790 1054 2866 Demetrio,
1065 2789 1133 2872 Cy·

128 2876 226 2940 nicam
242 2892 356 2940 sectam
381 2875 531 2961 professo:
563 2876 642 2962 quod
668 2877 857 2940 manifestum
885 2898 969 2939 reum
994 2875 1131 2938 ambitiu-

128 2962 201 3040 sit'ts,
224 2962 313 3048 quam
330 2963 493 3040 bonestibs,
513 2963 705 3028 defendisset.
752 2963 812 3046 lpsi
829 2963 939 3026 Publio
954 2983 1054 3046 neque
1070 2962 1132 3026 ani·

128 3070 197 3114 mus
211 3049 240 3112 in
254 3050 405 3133 periculis,
421 3071 520 3136 neque
535 3051 630 3113 oratio
645 3050 857 3135 suppeditavit.
906 3049 1000 3130 Signo
1012 3048 1132 3112 ultiouis

127 3135 156 3200 in
173 3149 364 3200 accusatores
388 3137 468 3213 dato,
496 3137 570 3220 petit
585 3158 602 3198 a
618 3135 741 3199 Caesare
764 3135 872 3200 lunius
887 3134 1053 3212 Mauricus,
1080 3143 1131 3200 ‘ut

127 3223 409 3286 commentariorum
427 3223 640 3306 Principalium
666 3236 846 3306 potestatem
865 3222 990 3286 Senatui
1007 3221 1129 3298 faceret,

127 3329 182 3393 per
193 3330 269 3394 quos
285 3325 432 3385 nosceret,
448 3331 539 3394 quern
555 3309 681 3394 quisque
697 3309 899 3372 accusandum
918 3307 1129 3394 poposcisset.'

127 3393 378 3459 ‘Consulendum
391 3396 441 3458 tali
454 3415 545 3479 super
561 3417 591 3458 re
608 3394 805 3478 Principem,'
822 3396 985 3479 respondit.

170 3479 260 3546 XLl.
294 3481 435 3558 Senatus,
465 3481 672 3545 inchoantibus
708 3481 895 3566 primoribus,
921 3481 1130 3568 jusjurandum

126 3568 279 3652 concepit,
292 3590 352 3652 quo
366 3569 502 3631 certatim
519 3589 624 3630 omnes
639 3567 844 3648 Magistratus,
856 3569 947 3632 ceteri
962 3582 993 3630 ut
1009 3583 1131 3630 senten·

126 3656 199 3718 tiam
215 3655 404 3736 rogabantur,
429 3653 537 3716 ‘Deos
552 3654 654 3717 testes'
671 3654 868 3730 advocabant,
891 3654 981 3718 ‘nihil
998 3675 1058 3737 ope
1073 3653 1129 3716 sub

125 3739 250 3821 factum,
263 3739 324 3828 qud
338 3739 515 3827 cujusquam
531 3739 611 3804 salus
627 3739 795 3820 lederetur,
806 3761 905 3826 neque
917 3761 950 3804 se
963 3739 1129 3826 premium,
