2556 4446
385 323 433 368 na
453 299 670 382 Conspersos
692 253 878 380 Diaoeoos.
1070 303 1141 370 sta

137 479 307 552 nostrorum
323 479 494 550 temporum
507 465 629 547 disertis
640 480 823 552 anteponere
835 465 959 534 soletis:
983 465 1036 528 sed
1047 464 1141 543 Cice-

138 574 246 618 ronem
262 570 293 620 et
308 553 462 617 Cesarem
486 568 517 616 et
539 551 673 624 Coeliurn
699 569 730 618 et
756 553 886 618 Calvum
911 568 940 618 et
963 551 1094 616 Brutum
1111 567 1143 618 et

139 637 329 704 Asiniumet
352 639 538 704 Messalam:
563 635 638 725 quos
661 641 784 726 quidem
807 653 861 704 cur
882 639 1008 723 antiquis
1024 654 1143 722 tempo-

139 727 223 794 ribus
238 726 335 811 potilrs
358 727 522 803 ascribatis,
545 726 636 810 quam
655 727 777 804 nostris,
800 749 861 790 non
879 727 986 790 tideo:
1010 747 1092 802 nam,
1107 737 1141 790 ut

135 813 181 877 de
191 811 343 880 Cicerone
352 813 424 898 ,ipso
436 813 551 898 loquar,
564 809 665 880 Hirtio
676 835 786 898 nempe
794 827 827 876 et
837 812 1143 899 PansdflConsulibus,

135 896 265 968 ¹utTiro
287 899 412 964 libertus
434 899 500 986 ejus
517 901 646 984 scripsit,
669 900 798 984 septimo
821 899 894 964 Idus
917 899 1070 990 D'eeemb.
1086 921 1143 964 ⁴oc·

135 986 222 1052 cisus
241 999 298 1063 est,
322 1009 387 1071 quo.
405 1009 483 1050 enno
507 985 606 1054 Divus
628 987 784 1070 Augustus
807 986 841 1050 iu
863 987 963 1050 locum
988 985 1096 1052 Panse
1112 999 1144 1050 et

141 1070 231 1138 Hirtii
255 1093 287 1136 se
314 1089 345 1136 et
369 1070 414 1147 Q·
442 1072 572 1138 Pedium
600 1071 697 1138 Coss·
718 1073 849 1140 suffecit.
894 1073 1004 1137 Statue
1025 1095 1084 1138 sex
1107 1087 1139 1137 et

134 1159 357 1245 ¹quinquaginta
384 1181 489 1234 annos,
514 1160 718 1244 quibusmox-
743 1158 843 1224 Diuus
866 1160 1023 1242 Augustus
1045 1159 1144 1224 Rem·

134 1246 294 1330 publicam
310 1246 389 1313 rexit
399 1269 409 1326 ;
427 1245 528 1331 adjice
541 1245 655 1312 Tiberii
672 1261 732 1310 tres
744 1261 776 1310 et
790 1247 894 1328 viginti
910 1262 940 1310 et
956 1246 1051 1332 prope
1068 1267 1142 1332 qua·

135 1332 311 1400 -driennium
327 1333 395 1398 Caii
412 1353 447 1396 ao
471 1334 516 1397 bis
531 1345 701 1418 quaternos„
716 1333 817 1407 denos,
827 1332 948 1398 Claudii
967 1349 997 1398 et
1014 1332 1144 1400 Neronis

135 1439 236 1486 annos
251 1434 343 1505 atque
365 1420 463 1505 ipsum
487 1419 594 1486 Galbae
608 1435 639 1486 et
649 1419 785 1486 Othonis
800 1435 831 1484 et
849 1419 964 1486 Vitellii
979 1443 1073 1500 unum
1090 1443 1143 1486 an-

137 1527 221 1572 num·
237 1524 414 1573 assertam
437 1505 502 1592 jam
527 1507 621 1572 felicis
647 1507 736 1592 hujus
758 1506 950 1590 Principatrls
970 1508 1143 1584 stationem,

131 1592 203 1678 ,qud
223 1591 431 1678 Vespasiatlus
457 1592 692 1679 Rempubljcarn
717 1592 811 1669 soret,
836 1609 957 1656 eentum
985 1608 1015 1654 et
1040 1593 1142 1674 viginti

134 1681 212 1744 fanni
227 1681 400 1750 abinteritu
417 1677 575 1745 Ciceronis
598 1679 626 1740 in
643 1683 724 1740 huno
737 1678 825 1742 diem
848 1679 1038 1760 colliguntur,
1054 1679 1143 1744 unius

134 1765 269 1830 hominis
285 1779 366 1834 etas.
413 1763 499 1827 Nam
511 1759 576 1848 ipse
592 1764 694 1846 egerin
711 1763 869 1830 Britanniis
885 1765 943 1828 vidi
958 1787 1074 1842 senem,
1091 1767 1142 1851 qui

137 1871 174 1915 se
189 1849 334 1914 fateretur
346 1858 355 1890 ‘
368 1849 405 1914 ei·
418 1871 524 1934 pugnae
543 1850 723 1928 interfuisse,
744 1849 804 1935 qul
827 1849 1142 1929 Cesarem,‘inleren·
1245 1884 1246 1890 ¹
1268 1861 1273 1878 *

139 1951 207 2002 tem,
229 1934 314 2002 arma
333 1936 496 2014 Britannis,
522 1958 626 2001 arcere
650 1937 798 2010 littoribus
821 1953 852 2003 et
875 1935 988 2024 pellere
1009 1941 1141 2023 aggressi

138 2022 231 2089 sunt!
277 2023 322 2088 lta
344 2024 369 2087 si
395 2045 478 2102 eum,
506 2025 569 2108 qui
585 2040 718 2090 armatus
743 2023 785 2089 C.
810 2025 924 2094 Cesari
948 2028 1066 2105 restitit,
1091 2027 1140 2094 vel

133 2110 310 2195 captivitas,
327 2111 610 2190 relvoluutas,.3uel
634 2111 726 2180 satum
750 2113 871 2198 aliquod
894 2114 1052 2180 inurbem
1073 2136 1142 2198 per-

139 2197 288 2274 traxisset,
304 2197 386 2260 idem
401 2197 553 2260 Caesarem
570 2199 669 2282 ipsum
681 2215 711 2264 et
723 2197 906 2264 Ciceronem
919 2200 1022 2262 audire
1035 2201 1141 2282 potuit,

134 2297 170 2350 et
185 2285 294 2348 nostris
314 2293 443 2369 quoque·
459 2285 624 2348 actionibus
646 2285 803 2350 interesse.
849 2285 996 2348 Proximo
1018 2287 1140 2370 quidem

133 2369 290 2454 congiario
313 2371 368 2454 ipsi
383 2371 496 2434 vidistis
520 2371 679 2456 plerosque
699 2391 800 2446 senes,
815 2372 876 2458 qui,
891 2392 953 2434 sea
970 2369 1053 2434 Divo
1067 2394 1142 2456 quo

136 2479 199 2544 que
214 2457 355 2538 Angusto
370 2457 464 2522 semel
480 2472 570 2544 atque
580 2457 688 2523 iterum
703 2457 857 2541 accepisse
872 2458 1057 2540 congiarium
1072 2479 1141 2522 ner·

132 2545 263 2610 rabant:
285 2567 327 2610 ex
347 2567 408 2631 quo
430 2545 529 2629 colligi
547 2559 657 2630 potest,
672 2559 704 2608 et
719 2543 885 2608 Corvinum
902 2544 938 2607 ab
955 2545 1010 2608 illis
1026 2545 1141 2609 et'Asi·

136 2632 220 2698 nium
244 2633 341 2698 audiri
363 2633 506 2718 potuisse.
552 2631 633 2696 Nam
660 2629 813 2697 Corvinus
834 2632 863 2696 iu
888 2632 1020 2696 medium
1042 2653 1139 2717 usquo

134 2717 270 2804 Augusti
280 2721 505 2804 =Principatum,
521 2718 644 2784 Asinius
660 2719 749 2804 pene.
761 2719 799 2782 ad
816 2734 999 2796 extremum,
1012 2720 1140 2784 durarit.

134 2802 208 2870 Neo
223 2807 363 2870 dividatis
378 2806 532 2880 saeculum,
547 2818 578 2868 et
601 2805 740 2889 antiquos
755 2826 791 2869 ac
808 2821 928 2870 veteres
944 2807 1058 2872 vocetis
1073 2826 1140 2870 ora·

134 2905 228 2968 tores,
244 2912 320 2976 quos
335 2890 502 2956 eorundem
526 2891 685 2956 hominum
705 2912 793 2956 aures
815 2913 991 2974 agnoscere,
1007 2914 1042 2956 ae
1057 2894 1141 2958 uelut

135 2976 206 3042 con'
231 2999 322 3058 ogere
339 2991 370 3040 et
381 2977 716 3062 copularepotoerunt.

135 3119 138 3126 .
216 3061 303 3128 Vlll.
328 3062 404 3128 Haec
420 3065 490 3127 ideo
503 3064 638 3149 predixi,
648 3079 693 3144 ut,
704 3065 728 3128 si
742 3086 801 3150 qua
813 3085 853 3128 ert
869 3064 976 3128 horum
988 3077 1139 3128 oratorum

132 3148 218 3216 ,samri
233 3149 388 3234 gloriaque
399 3151 659 3234 laustemporibus
671 3152 843 3237 aequiritur,
856 3151 984 3214 eandem
997 3152 1139 3218 docerent

133 3239 165 3302 in
181 3239 282 3302 medio
297 3238 383 3300 sitam
405 3252 436 3300 et
452 3241 622 3322 propiorem
646 3239 742 3316 nobis,
758 3238 848 3324 quam
867 3237 935 3300 Ser.
957 3235 1077 3312 Garbe,
1094 3235 1137 3302 C.

134 3323 281 3400 Carboni,
298 3345 434 3410 quosque
445 3326 519 3388 alios
534 3327 673 3410 antiquos
689 3323 795 3390 meritd
807 3323 1024 3388 vocaverimus.
1060 3323 1140 3388 Sunt

133 3411 215 3475 enirn
228 3411 339 3474 horridi
355 3425 386 3473 et
401 3411 528 3494 impoliti
536 3425 569 3474 et
583 3411 674 3475 rudes
684 3427 715 3475 et
727 3409 879 3486 informes,
892 3425 922 3472 et
933 3431 1007 3493 quos
1023 3411 1139 3476 utinam

135 3497 267 3562 imitatus
286 3495 370 3559 nullia
393 3513 476 3580 parte
499 3511 580 3560 esset
603 3496 720 3561 Calvus
735 3511 844 3574 vester,
867 3511 919 3560 aut
942 3495 1071 3574 Coelius,
1088 3513 1140 3563 aut
1195 3537 1200 3546 ·

132 3583 201 3668 ipse
214 3582 338 3647 Cicero.
385 3585 486 3664 Agere
507 3583 588 3648 enirn
605 3583 784 3670 sortiirs'jam
799 3603 828 3648 et
840 3583 1000 3648 audentiirs
1017 3585 1097 3662 tolo,
1113 3585 1138 3649 si

132 3669 206 3734 illud
219 3669 289 3732 ante
308 3670 485 3754 predixere,
496 3670 604 3734 mutari
615 3692 685 3734 oum
699 3671 883 3755 temporibus
896 3669 1004 3734 formas
1017 3692 1138 3757 quoque

133 3769 167 3820 et
181 3776 293 3839 genera
309 3757 441 3821 dicendi.
487 3757 540 3822 Sio
561 3755 672 3822 Catoni
688 3758 752 3822 seni
775 3774 968 3842 comparatus
984 3755 1024 3822 C.
1041 3758 1138 3820 Grae·

131 3842 223 3930 chus,
236 3843 354 3932 plenior
375 3858 407 3910 et
428 3844 568 3930 uberior3
590 3845 636 3928 sio,
650 3843 793 3911 Graccho
808 3846 937 3934 xpolitior
956 3860 986 3935 et
1008 3843 1138 3932 ornatior
