2556 4446
110 497 173 558 306
321 502 661 566 nonus—nnorrurr's
687 525 915 570 surrnrnnnr.

385 740 564 792 BROTIER’S
581 743 829 792 SUPPLEMENT.

139 882 206 930 Sect.
219 885 241 930 1.
264 881 406 932 Umhrntici
424 882 548 944 doctores]
583 883 740 934 Umbraticos
761 885 816 933 illos
837 887 948 934 doctores
968 901 1104 950 eorumque

106 966 165 1012 vitia
176 965 278 1013 irrident
289 966 420 1012 Petronius
431 972 457 1012 et
468 965 571 1012 Plinius.
1226 993 1249 1072 1

137 1047 208 1096 Hinc
226 1047 249 1095 ei
263 1047 707 1110 preceptorem-admirationem
723 1051 852 1114 moneant]
887 1052 990 1109 Hence,
1010 1051 1032 1100 il
1049 1053 1110 1116 they

105 1131 169 1178 have
187 1130 261 1178 found
279 1145 309 1178 an
329 1132 462 1178 instructor
481 1130 564 1192 puffed
582 1147 615 1193 up
629 1133 688 1180 with
706 1148 738 1180 an
755 1139 870 1198 arrogant
886 1134 1106 1198 seit-sufficiency,

104 1228 153 1274 you
166 1227 223 1274 may
240 1228 283 1260 see
305 1213 373 1261 them
396 1213 576 1276 distinguished
593 1214 655 1262 froin
672 1215 767 1272 others,
783 1217 818 1279 by
838 1232 869 1266 en
880 1218 1011 1280 impudent
1028 1220 1073 1276 air,
1092 1234 1106 1266 e
1136 1266 1139 1276 ,
1243 1227 1249 1270 l

104 1300 196 1358 startng
208 1296 270 1352 loolr,
283 1310 314 1342 an
330 1295 442 1360 untiring
456 1297 591 1358 loquacity,
603 1297 650 1344 end
662 1299 695 1360 by
708 1313 722 1345 e
739 1300 865 1348 universal
881 1303 1105 1363 supercilioueness

103 1379 130 1426 os
143 1380 307 1440 deportment,
318 1378 437 1442 belchtng
452 1385 495 1426 out
511 1379 576 1426 their
592 1381 725 1428 uenatore]
742 1382 917 1432 declamatione
934 1386 960 1432 in
975 1399 1005 1432 en
1017 1390 1104 1448 empty

98 1461 179 1524 jingle
191 1461 313 1509 olwords.
346 1461 384 1508 On
396 1462 438 1509 the
450 1467 576 1524 contrary,
591 1461 613 1510 is
621 1463 681 1526 they
693 1463 758 1530 haye
771 1464 819 1512 had
832 1480 846 1514 a
858 1467 959 1515 toacher
971 1466 1034 1516 from
1051 1467 1105 1516 that

102 1545 164 1592 herd
176 1543 330 1592 oidelicious
341 1545 450 1600 mortels,
462 1545 519 1592 who
531 1546 670 1610 cunningly
683 1547 743 1594 seek
754 1547 791 1595 lor
802 1549 845 1596 the
862 1550 1002 1610 reputation
1016 1549 1044 1596 os
1057 1551 1103 1598 tel·

102 1632 157 1676 ente
168 1629 202 1690 hy
214 1627 256 1675 the
268 1627 433 1676 enticernents
449 1627 477 1674 ot
489 1625 564 1674 artiul
581 1628 728 1685 affectation,
740 1645 789 1690 you
807 1645 866 1694 may
883 1633 1015 1694 recognize
1030 1633 1102 1682 these

101 1711 193 1772 youths
205 1725 231 1758 es
247 1709 393 1772 exquisita,
410 1711 445 1770 by
457 1709 523 1756 their
541 1710 663 1772 smirlrlng
684 1717 877 1768 countenances,
887 1712 954 1760 their
973 1714 1102 1762 indistinct

101 1799 240 1850 utterance,
251 1793 317 1840 their
333 1790 444 1856 iawning
462 1793 749 1856 demeenor,-mincing
768 1794 834 1842 their
845 1795 933 1850 words,
955 1796 1102 1862 entengling

100 1877 166 1925 their
177 1875 343 1938 expressions,
366 1875 547 1935 encnmbering
571 1873 636 1922 their
656 1875 781 1938 languege
794 1875 855 1924 with
873 1877 1043 1938 prettinesses,
1054 1881 1102 1928 end

99 1960 233 2022 prectlsing
241 1973 319 2020 every
330 1957 458 2006 theatrice!
470 1965 507 2006 ert
516 1963 540 2005 to
547 1963 649 2020 support
659 1964 789 2020 pretence,
801 1959 848 2006 and
860 1959 942 2008 excite
955 1961 1100 2010 admiration

99 2041 127 2090 oi
135 2042 295 2090 themselves.

131 2126 198 2174 Sect.
212 2125 247 2171 ll.
265 2125 361 2188 Longa
373 2128 397 2174 et
408 2124 507 2186 nevero]
542 2123 608 2172 Hec
619 2124 680 2172 ritie
692 2125 923 2188 arguitPetronius.
956 2127 1102 2176 “Parentes

98 2207 267 2274 objurgatione
279 2209 347 2270 digni
359 2214 426 2264 sunt,
443 2209 485 2269 qui
503 2207 591 2256 nolunt
607 2208 697 2256 liberos
715 2223 774 2256 suos
789 2223 878 2256 severe
894 2210 951 2273 lege
967 2209 1098 2272 proficere.

99 2293 211 2342 Primum
223 2293 290 2340 eninr
302 2291 367 2340 sicut
377 2292 466 2350 omnio,
476 2305 532 2354 spes
549 2305 649 2352 quoque
665 2305 723 2338 suos
734 2291 868 2342 ambitione
884 2293 989 2340 donant:
1007 2293 1098 2346 deinde

100 2390 177 2438 quum
190 2376 218 2423 sd
231 2381 287 2422 vota
298 2379 439 2436 properent,
450 2374 527 2422 crude
539 2372 621 2420 adhuc
632 2373 711 2420 studia
720 2373 745 2419 in
758 2373 839 2422 iorum
850 2373 1000 2436 propellunt,
1012 2380 1038 2424 et
1049 2375 1099 2422 elo·

98 2460 234 2521 quendam,
246 2473 295 2520 qua
306 2458 368 2504 nihil
379 2471 434 2506 esse
447 2457 526 2519 majus
546 2454 706 2512 confitentur,
728 2458 813 2518 pueris
829 2457 936 2507 induunt
949 2457 1030 2512 edhuc
1042 2472 1097 2506 nas·

97 2543 219 2590 centibus.
253 2541 324 2596 Quod
336 2541 356 2587 si
374 2547 520 2601 peterentur
531 2539 642 2586 laborum
656 2540 747 2600 gradus
758 2538 822 2595 fieri,
834 2543 863 2588 ut
873 2541 974 2588 studiosi
987 2541 1099 2602 juvenes

96 2625 203 2674 lectione
214 2637 304 2671 severa
315 2623 497 2685 mitigarentur,
515 2627 544 2670 ut
563 2623 689 2682 sapientire
707 2623 837 2684 preceptis
854 2623 947 2672 animos
964 2637 1096 2684 compone·

96 2712 161 2764 rent,
173 2714 201 2754 ut
212 2707 289 2753 verha
300 2705 376 2752 atroci
392 2703 457 2766 stylo
469 2703 615 2758 effoderent,
633 2709 662 2750 ut
678 2706 743 2764 quod
756 2705 852 2754 veilent
862 2706 952 2754 imiteri
972 2707 1014 2754 diu
1026 2707 1095 2756 audi·

95 2794 159 2844 rent,
171 2787 216 2836 sibl
226 2787 287 2832 nihil
300 2792 366 2833 esset
378 2783 540 2846 magnificum
552 2785 616 2844 quod
630 2785 714 2845 pueris
726 2786 865 2846 placeret.'’

126 2869 192 2916 Sect.
207 2868 255 2914 lli.
272 2865 316 2914 Aa
324 2867 480 2915 Maternum
490 2870 515 2916 ct
528 2863 674 2914 Secundum
686 2866 838 2930 cononem}
860 2869 1001 2931 ldpostulat
1012 2883 1087 2931 supe·
1152 2863 1154 2866 ’

94 2954 143 3002 rior
151 2951 240 3012 dialogi
253 2965 317 3012 pers.

125 3035 192 3082 Sect.
206 3033 251 3080 lV.
269 3035 302 3082 In
312 3031 403 3082 scholis
414 3031 556 3093 rhetorum]
591 3032 652 3080 Inde
665 3033 806 3082 Petronius.
823 3039 840 3061 “
850 3035 915 3082 Pace
927 3040 1010 3083 restra
1021 3035 1095 3082 licent

92 3118 193 3174 dixisse,
205 3117 276 3178 primi
288 3131 387 3164 omnem
400 3116 567 3176 eloquentiam
580 3115 725 3176 perdidistis.
755 3115 866 3164 Levibus
875 3119 941 3164 enim
955 3125 1029 3178 atque
1043 3119 1093 3164 ina·

92 3201 165 3250 nibus
176 3200 353 3248 eonieludibrie
362 3199 474 3260 quedam
483 3198 614 3246 excitando
625 3197 751 3254 effecistis,
760 3204 787 3244 ut
795 3213 885 3260 corpus
893 3201 1008 3246 orationis
1018 3214 1092 3248 ener-

91 3295 194 3334 veretur
201 3289 226 3330 et
233 3281 490 3335 cederet-Grandis,
499 3286 568 3335 et,ut
578 3280 611 3328 ite
618 3280 709 3334 dicam,
718 3281 808 3340 pudica
816 3281 892 3328 oratio
901 3295 949 3328 uon
960 3289 996 3328 est
1008 3297 1092 3330 mecu-

92 3368 151 3424 lose,
166 3379 213 3414 nec
226 3365 333 3428 turgide,
350 3365 394 3411 sed
406 3363 512 3411 naturali
528 3362 713 3424 pulchritudine
731 3364 853 3426 exsurgit.
887 3363 979 3424 Nuper
989 3372 1092 3412 ventosa

91 3451 136 3498 ista
147 3457 173 3498 et
184 3449 291 3496 enormis
300 3447 435 3508 loquacitas
447 3445 559 3492 Athenes
570 3457 603 3492 ex
613 3445 671 3492 Asin
683 3447 864 3508 commigravit,
877 3445 944 3492 etc.''
1017 3445 1019 3449 '

123 3533 190 3580 Sect.
204 3531 235 3578 V.
253 3515 284 3578 L.
296 3529 391 3578 Annei
409 3527 518 3588 Seuero]
553 3527 691 3582 Quintilian
711 3526 756 3576 hes
775 3528 873 3589 pointed
885 3533 928 3576 out
941 3529 1000 3576 with
1019 3534 1091 3592 great

45 3639 47 3644 .
91 3613 261 3676 particular-ily
274 3613 316 3660 the
339 3611 500 3660 excellences
519 3611 566 3656 and
589 3609 683 3658 delecte
700 3611 727 3656 oi
746 3609 850 3658 Seneca.
885 3611 950 3660 “Ex
968 3611 1090 3659 industria

93 3699 214 3746 Senecam
226 3697 250 3742 in
263 3695 329 3742 onrni
350 3707 445 3758 genere
461 3693 608 3754 eloquentie
628 3693 721 3747 distuli,
733 3699 832 3754 propter
842 3693 969 3756 vulgatam
988 3691 1048 3741 salso
1059 3695 1090 3742 de

91 3795 131 3829 sne
142 3779 291 3841 opinionem,
303 3792 352 3839 que
363 3779 479 3824 damnare
492 3791 560 3832 eum,
572 3783 597 3823 et
606 3777 712 3822 invisum
725 3791 824 3838 quoque
836 3777 928 3824 habere
941 3793 995 3826 sum
1009 3779 1089 3827 credi·

90 3871 138 3910 tus.
172 3859 244 3918 Quod
256 3860 343 3906 eccidit
361 3859 431 3914 inihi,
442 3859 501 3906 dum
519 3865 662 3924 corruptum
683 3867 708 3906 et
724 3859 841 3906 omnihus
853 3859 918 3908 vitiis
935 3858 1040 3908 fractum
1053 3861 1088 3908 di·

92 3945 164 3992 cendi
176 3955 256 4005 genus
269 3953 385 3986 revocare
398 3941 427 3986 ad
438 3941 566 3986 severiora
572 3940 667 4001 judicia
679 3941 809 3988 contendo.
842 3941 908 3990 Tum
921 3949 1003 3990 eutem
1022 3943 1091 3990 solus

90 4025 197 4073 hictere
209 4025 234 4070 in
254 4021 574 4070 manibusedolescentium
595 4020 649 4070 suit.
683 4021 766 4078 Quem
786 4037 835 4071 non
853 4026 969 4086 equidem
991 4027 1091 4074 omnino
