2556 4446
538 330 724 394 Aearcoan.
1069 328 1133 391 233

129 499 306 584 Principem
328 495 572 562 exstimulabant.
620 495 673 558 Sic
689 492 832 576 Agricola
854 492 941 555 simul
965 492 1025 556 suis
1043 491 1136 555 virtu·

131 591 222 665 tibus,
245 585 334 650 simul
352 583 430 648 vitiis
445 583 581 660 aliorum,
597 581 627 645 in
650 583 745 666 ipsam
769 581 894 664 gloriam
915 600 1051 665 preceps
1067 599 1139 661 age-

130 676 230 740 batur.
641 684 696 768 sto
1126 653 1180 758 Χ<

37 790 41 799 ·
175 757 282 824 XLll.
306 756 425 820 Aderat
446 755 510 843 jam
534 731 640 833 enims,
657 777 717 840 quo
740 754 993 818 proconsulatum
1010 751 1088 816 Asiae
1105 765 1137 816 et
1269 755 1270 820 ἒ

130 847 241 913 Asrioae
268 827 431 922 sortiretrir,
456 857 487 908 et
513 844 615 908 occiso
638 825 746 906 civdt
771 863 877 926 nuper,
903 863 960 904 nec
982 839 1138 921 Agricolae
1269 835 1270 868 ³

131 935 289 1000 consilium
318 932 432 1009 deerat,
454 953 513 994 nec
529 929 705 993 Domitiano
732 929 919 1013 exemplum.
965 925 1137 990 Accessere

133 1008 255 1108 quidasn
271 999 483 1101 cogitationum
507 1017 658 1100 Principis
675 1016 770 1100 peliri,
788 1018 849 1101 qui,
862 1017 995 1078 iturusne
1012 994 1091 1076 ess‘et
1107 1014 1137 1075 in

131 1105 417 1194 provinciamfiultrd
427 1104 600 1187 Agricolam
617 1092 851 1186 interrogarent:
876 1123 911 1165 ec
927 1101 1024 1187 primi)
1036 1086 1143 1164 occul<
1269 1109 1270 1168 l

131 1195 190 1258 tiris
206 1195 339 1278 quietem
355 1207 385 1256 et
400 1193 494 1256 otium
510 1191 644 1267 laudare,
662 1211 870 1274 manoperam
886 1211 971 1253 suam
987 1189 1016 1250 in
1029 1208 1138 1272 appro-

129 1281 232 1345 banda
261 1279 456 1343 excusatione
481 1278 609 1342 offerre:
636 1277 789 1362 postremi)
818 1299 878 1340 non
913 1276 976 1362 jam
1007 1255 1153 1350 obscurff

133 1351 297 1432 suaderites
312 1365 400 1429 simul
423 1351 643 1451 terrentesque,
663 1347 837 1450 percelebre
854 1364 892 1427 ad
908 1363 1137 1438 Domitianum3

134 1454 185 1540 qui
197 1468 317 1539 paratus
331 1453 525 1530 simulationi,
537 1453 567 1516 in
584 1454 782 1534 arrogantiam
792 1453 988 1535 compositus,
1001 1465 1031 1512 et
1047 1447 1140 1511 audiit

134 1561 243 1626 preces
258 1541 442 1617 excusantis,
459 1555 499 1615 et,
511 1539 581 1602 cirrn
598 1539 761 1614 annuisset,
778 1540 824 1619 agi
841 1537 896 1600 sibi
912 1537 1020 1617 gratias
1034 1517 1159 1617 passu(

133 1645 199 1692 est:
224 1648 281 1690 nec
302 1627 419 1688 erubuit
441 1625 578 1687 beneficii
595 1623 715 1686 invidia.
763 1623 910 1684 Salarium
932 1637 1044 1696 tamen,
1060 1619 1138 1682 Pro-

133 1714 282 1778 consulari
298 1711 418 1773 solitum
434 1710 545 1785 offerri,
562 1723 593 1771 et
609 1708 786 1794 quibusdam
803 1729 820 1770 a
836 1709 935 1791 seipso
946 1727 1137 1784 concessum,

135 1797 283 1880 Agricola
307 1817 367 1858 non
392 1794 493 1858 dedit:
517 1797 581 1857 sive
602 1795 735 1858 offensus
762 1815 822 1856 non
845 1794 984 1876 petitum,
1008 1793 1072 1854 sive
1095 1813 1136 1855 ex

133 1881 331 1959 conscientia,
356 1903 406 1958 ne,
434 1881 514 1966 quod
540 1896 685 1958 vetuerat,
717 1881 866 1944 videretur
895 1881 1015 1942 emisse.
1061 1878 1139 1942 Pro·

34 1967 37 1972 ’
135 1970 233 2057 prium
251 1969 373 2032 humani
389 1968 499 2050 ingenii
514 1981 571 2044 est,
583 1969 693 2046 odisse,
710 1989 800 2052 quem
817 1967 926 2030 laeseris
940 1989 946 2030 :
971 1964 1140 2030 Domitiani

8 2057 14 2072 '
135 2055 210 2120 verri
224 2069 328 2119 natura
344 2077 478 2141 praeceps
489 2055 519 2118 in
533 2056 616 2132 iram,
633 2070 663 2120 et
679 2054 740 2140 qud
755 2055 921 2132 obscurior,
937 2053 976 2117 ed
991 2055 1139 2118 irrevoca-

134 2143 232 2221 bilior,
248 2142 454 2207 moderatione
477 2157 577 2206 tamen
603 2141 823 2228 prudentiaque
839 2141 986 2225 Agricola
1004 2141 1139 2204 lenieba-

134 2247 203 2296 tur:
229 2231 297 2315 quia
312 2251 372 2292 noa
385 2229 584 2306 contumacid,
597 2251 697 2314 neque
713 2231 792 2293 inani
804 2229 967 2315 jactatione
983 2228 1139 2306 libertatis,

137 2317 248 2382 samam
264 2315 418 2402 satumque
434 2316 629 2400 provocabat.
676 2316 790 2392 Sciant,
807 2317 915 2400 quibus
932 2315 1022 2378 moris
1038 2314 1139 2378 illicita

136 2405 246 2482 mirari,
271 2425 359 2487 posse
382 2403 471 2468 etiam
496 2404 553 2466 sub
578 2402 664 2464 malis
691 2401 882 2484 Principibus
907 2423 1031 2483 magnos
1061 2401 1139 2464 viros

137 2513 227 2557 esse:
250 2490 490 2576 obsequiumque
514 2511 550 2553 ac
574 2489 765 2566 modestiam,
789 2489 812 2550 si
836 2487 980 2551 industria
1003 2509 1039 2550 ac
1055 2487 1141 2570 vigor

136 2577 244 2656 adsint,
260 2577 298 2642 ed
315 2563 418 2642 laudis
435 2577 599 2660 excedere,
616 2575 676 2661 qud
699 2575 833 2659 plerique
856 2595 910 2660 per
932 2575 1068 2659 abrupta,
1084 2574 1139 2639 sed

136 2667 166 2730 in
183 2667 298 2729 nullum
314 2661 505 2749 Reipublicae
522 2687 620 2742 usum,
637 2661 796 2726 ambitiosa
811 2676 907 2725 morte
923 2661 1140 2726 inclaruerunt.

179 2751 303 2816 XLlll.
327 2751 411 2814 Finis
435 2752 502 2813 vitae
521 2750 587 2836 ejus
610 2750 696 2813 nobis
722 2737 887 2824 luctuostis,
911 2749 1014 2812 amicis
1038 2749 1139 2828 tristis,
1195 2741 1224 2821 (l

136 2839 287 2902 extraneis
313 2837 404 2899 etiarn
430 2836 599 2920 ignotisque
629 2857 688 2898 non
716 2837 780 2897 sine
807 2835 880 2898 curri
909 2834 973 2898 fuit.
1019 2833 1121 2918 Vulgu

137 2945 268 3009 quoque,
284 2937 315 2985 et
331 2922 380 2984 hio
396 2914 475 2984 alidd
499 2913 592 3005 agens
614 2921 753 3005 populus,
777 2935 808 2984 et
825 2920 1009 2984 ventitavere
1030 2923 1068 2983 ad
1085 2923 1140 2985 do·

136 3031 231 3086 mum,
248 3023 279 3070 et
301 3029 355 3092 per
377 3006 440 3070 sore
463 3021 494 3072 et
516 3009 645 3072 circulos
667 3009 758 3072 locuti
781 3021 870 3072 sunt:
894 3029 951 3070 nec
970 3007 1139 3090 quisquam,

136 3095 239 3160 auditi
255 3109 351 3158 morte
369 3095 528 3178 Agricola,
552 3111 604 3158 aut
626 3096 740 3159 laetatus
763 3109 819 3172 est,
836 3107 887 3158 aut
903 3094 1001 3158 statim
1017 3074 1157 3160 oblitus.l

135 3183 278 3265 Augebat
301 3181 522 3245 miserationem
538 3198 677 3245 constans
693 3203 805 3258 rumor,
822 3189 963 3243 ‘veneno
986 3181 1141 3266 intercep-

138 3269 226 3334 tum.'
272 3257 373 3332 Nobis
384 3268 458 3331 nihil
473 3252 620 3351 compe'rti
638 3270 785 3332 affirmare
801 3251 923 3330 ausitil‘.
940 3267 1074 3330 ceterrim
1087 3291 1142 3353 per

138 3377 260 3422 omnem
278 3355 482 3419 valetudinem
503 3353 835 3441 ejus‚crebrii1squam
860 3375 900 3416 ex
923 3375 1006 3416 more
1025 3353 1141 3421 Princi-

136 3443 233 3530 patirs,
251 3464 306 3526 per
331 3443 450 3505 nuntios
468 3433 605 3519 visentis}
628 3457 658 3504 et
674 3443 845 3506 libertorum
872 3441 968 3524 primi,
990 3455 1020 3504 et
1046 3444 1141 3508 medi·

137 3551 241 3594 corum
263 3513 356 3594 intimi
380 3528 515 3592 venere:
536 3529 601 3592 sive
616 3550 687 3591 cora
709 3529 792 3605 illud,
813 3529 877 3590 sive
901 3515 1054 3612 inquisiti6
1066 3547 1141 3596 erat.

139 3617 292 3702 Supremo
312 3617 435 3702 quidem
462 3616 521 3694 die,
537 3631 691 3679 momenta
718 3615 883 3679 deficientis
907 3637 961 3700 per
983 3605 1158 3699 dispositosl

136 3725 276 3769 cursores
292 3703 427 3766 nuntiata
446 3704 613 3780 constabat,
630 3703 713 3765 nullo
737 3703 894 3779 credente,
910 3701 953 3765 sic
969 3704 1140 3782 accelerari,

137 3813 203 3876 quae
220 3791 311 3854 tristis
326 3781 458 3854 audiret<
501 3790 645 3875 Speciem
669 3805 771 3853 tamen
794 3789 905 3854 doloris
926 3790 1027 3852 animo
1044 3791 1158 3888 vultu-s

138 3899 199 3966 que
226 3900 286 3966 pre
303 3899 337 3943 se
354 3878 429 3958 tulit,
452 3899 576 3944 securus
594 3877 658 3964 jam
674 3877 745 3959 odii,
761 3890 792 3942 et
808 3878 858 3964 qui
877 3875 990 3941 facilius
1006 3876 1144 3942 dissimu-

180 4015 223 4098 γε
252 3981 332 4080 aa,
361 3987 571 4192 effa...
622 3965 686 4028 2⁰*
