2516 4250
121 187 165 252 82
462 186 503 254 C.
527 186 635 252 Coras.
659 185 783 250 Tactrt
909 185 966 268 [A.
983 183 1026 248 U.
1043 185 1129 248 aaa:

45 353 47 357 ’
120 353 249 438 septima
265 351 444 431 Claudiana,
457 353 577 418 imbutae
594 351 694 416 farore
710 351 852 425 Othonis,
869 351 1004 436 quamvis
1021 347 1127 435 prelio

121 463 181 504 non
204 441 415 504 interfuissent.
454 441 625 526 Aquileiam
654 461 826 523 progressae,
855 437 1045 522 proturbatis,
1071 438 1125 588 poi

122 525 160 590 de
176 525 301 590 Othone
318 527 503 605 nuntiabant,
519 527 714 610 laceratisque
731 526 859 602 vexillis,
870 547 980 588 nomen
998 523 1072 588 Vin
1086 522 1129 587 lii

121 613 356 698 preferentibus,
379 613 466 698 raptis
492 611 644 696 postremo
668 611 798 696 pecuniis
819 627 849 675 et
875 613 953 674 inter
967 633 1000 674 se
1016 610 1126 688 divisis,

121 701 268 766 hostiliter
282 715 416 783 egerant.
462 699 555 764 Unde
581 714 690 776 metus,
713 713 745 761 et
771 721 811 764 ex
837 715 920 762 metu
943 698 1123 762 consilium:

122 793 131 824 ‘
144 807 231 868 posse
247 787 386 870 imputari
402 785 600 869 Vespasiano,
610 808 676 870 quae
688 785 768 870 apud
780 783 936 849 Vitellium
948 785 1127 848 excusanda
1200 857 1204 862 ,

122 871 230 936 erant!
276 871 322 935 lta
338 889 398 936 tres
414 872 550 938 Moesicas
565 873 699 957 legiones
720 893 775 956 per
788 871 930 956 epistolas
952 872 1127 936 alliciebant

122 958 332 1022 Pannonicum
345 960 524 1038 exercitum,
539 976 590 1024 ant
605 959 748 1022 abnuenti
761 959 820 1022 vim
835 958 989 1042 parabant.
1035 957 1070 1020 ln
1086 979 1128 1022 eo

123 1060 206 1108 motu
225 1046 363 1129 Aponius
379 1045 566 1123 Saturninus,
594 1045 712 1110 Moesiae
734 1059 842 1121 rector,
868 1045 1032 1129 pessimum
1054 1043 1126 1108 laci·

122 1153 179 1194 nus
201 1133 304 1209 audet,
332 1133 422 1196 misso
445 1131 633 1196 Centurione
659 1133 697 1196 ad
721 1132 959 1196 interficiendum
982 1129 1125 1194 Tertium

122 1217 290 1296 Julianum,
302 1219 436 1304 septima
452 1219 577 1302 legionis
592 1219 754 1302 Legatum,
769 1219 808 1282 ob
822 1219 1001 1295 simultates,
1016 1219 1126 1303 quibus

122 1325 245 1370 causam
268 1306 394 1389 partium
411 1307 621 1390 pretendebat.
668 1304 818 1381 Julianus,
843 1321 1001 1388 comperto
1023 1304 1127 1370 discri-

123 1391 215 1468 mine,
231 1407 262 1456 et
277 1393 374 1473 gnaris
389 1393 522 1456 locorum
535 1393 644 1469 ascitis,
659 1413 712 1476 per
726 1394 793 1456 avia
808 1390 1024 1466 Moesiomltra
1040 1413 1127 1454 mon·

124 1490 187 1542 tem
203 1476 344 1543 Haemum
362 1477 508 1563 profugit:
533 1502 590 1544 nec
602 1479 712 1542 deinde
726 1479 807 1542 cirili
823 1479 903 1542 bello
919 1477 1061 1554 interluit,
1073 1499 1137 1562 per-

124 1565 220 1630 varias
236 1585 334 1628 moras
359 1583 533 1650 susceptum
554 1567 591 1630 ad
610 1564 831 1649 Vespasianum
846 1566 912 1630 ,iter
935 1565 1068 1642 trahens,
1095 1578 1128 1628 et

124 1671 165 1714 ex
181 1651 291 1714 nuntiis
306 1653 545 1730 cunctabundus,
561 1667 613 1718 aut
629 1673 802 1737 pmperans.

167 1736 358 1802 LXXXVI.
382 1739 425 1803 At
451 1739 480 1802 in
504 1738 663 1804 Pannoniis
677 1738 882 1801 tertiadecima
897 1738 977 1819 legio
999 1758 1035 1802 ac
1056 1757 1128 1822 sep-

124 1825 197 1888 tima
214 1825 372 1902 Galbiana,
396 1825 530 1888 dolorem
547 1826 681 1910 iramque
697 1823 910 1888 Bedriacensis
927 1845 1034 1908 pugna
1058 1824 1130 1888 reti-

124 1924 241 1988 nentes,
259 1911 337 1973 lraud
353 1926 531 1976 cunctanter
546 1909 734 1996 Vespasiano
748 1909 915 1988 accessere,
933 1911 960 1973 vi
977 1909 1129 1994 precipua

125 1995 220 2060 Primi
237 1997 371 2060 Antonii.
417 1997 447 2060 ls
463 1998 578 2080 legibus
594 2019 707 2062 nocens
722 2013 753 2061 et
763 2013 901 2081 tempore
918 1995 1049 2060 Neronis
1064 1995 1129 2061 salsi

125 2083 295 2160 damnatus,
312 2083 388 2146 inter
403 2083 460 2145 alia
484 2084 554 2146 belli
581 2085 670 2159 mala,
693 2083 883 2146 Senatorium
899 2085 1035 2146 ordinem
1051 2083 1128 2146 reci·

126 2183 295 2253 peranerat.
342 2167 525 2252 Praepositus
551 2191 569 2234 a
593 2168 841 2254 Galbiaseptima
867 2169 988 2251 legioni,
1011 2169 1129 2252 scripti·

126 2253 207 2319 trisse
222 2254 337 2317 Orboni
352 2257 543 2332 credebatur,
569 2255 691 2320 Ducem
716 2277 748 2318 se
773 2253 906 2340 partibus
931 2255 1079 2318 offerens:
1111 2277 1133 2320 a

126 2363 188 2426 quo
203 2343 370 2424 neglectus,
386 2343 415 2406 in
432 2343 514 2406 nullo
525 2341 690 2406 Othoniani
707 2343 776 2406 belli
793 2365 847 2406 usu
864 2341 936 2406 luit:
960 2341 1129 2406 labantibus

125 2426 229 2492 Vitelli
245 2428 345 2505 rebus,
363 2427 584 2512 Vespasianum
607 2443 729 2494 secutus
744 2430 857 2512 grande
874 2445 1061 2492 momentum
1078 2428 1130 2492 ad-

126 2514 222 2591 didit;
245 2529 384 2579 strenuus
399 2537 501 2592 mann,
521 2537 662 2580 sermone
686 2531 831 2599 promtus,
846 2517 980 2580 serenda
1003 2516 1032 2578 iu
1055 2515 1130 2580 alios

127 2602 244 2664 invidiae
260 2600 379 2678 artilex,
395 2602 548 2666 discordiis
564 2618 595 2666 et
610 2603 805 2668 seditionibus
819 2619 936 2686 potens,
949 2617 1061 2685 raptor,
1074 2602 1131 2666 lar·

127 2689 215 2770 gitor,
241 2711 316 2772 pace
333 2689 490 2771 pessimus,
518 2690 598 2754 bello
620 2711 679 2754 non
695 2691 894 2771 spernendus.
939 2687 1044 2752 Juncti
1060 2689 1130 2752 iude

127 2773 249 2840 Moesioi
266 2797 302 2838 ac
318 2775 483 2840 Pannonici
500 2779 663 2852 exercitus,
681 2775 885 2840 Dalmaticum
908 2777 1033 2840 militem
1050 2790 1130 2839 trax-

94 2856 96 2861 ’
128 2863 190 2939 ire,
203 2884 374 2946 quanquam
390 2862 607 2928 Consularibus
619 2862 742 2944 Legatis
755 2863 826 2926 nibil
843 2863 1041 2926 turbantibus.
1075 2861 1131 2924 Ti·

127 2963 176 3013 tus
192 2951 320 3032 Ampius
337 2949 501 3016 Flavianus
517 2949 717 3026 Pannoniam,
733 2948 886 3034 Poppaeus
902 2948 1041 3012 Silvanus
1057 2947 1132 3012 Dal-

127 3036 254 3103 matiam
273 3038 426 3114 tenebant,
457 3038 564 3102 divites
586 3057 687 3100 senes.
733 3034 795 3100 Sed
822 3036 1005 3100 Procurator
1030 3035 1132 3100 aderat

128 3121 290 3188 Cornelius
306 3122 436 3201 Fuscus,
464 3128 568 3206 vigens
590 3139 689 3199 aetate,
714 3123 801 3186 claris
824 3123 980 3186 natalibus.
1027 3121 1131 3185 Primis

124 3209 263 3296 juventd,
291 3211 398 3294 quietis
423 3211 576 3293 cupidine,
605 3208 795 3272 Senatorium
822 3209 958 3272 ordinem
986 3223 1131 3273 cauerat:

128 3297 208 3360 idem
227 3319 279 3381 pro
301 3296 400 3363 Galbis
415 3297 477 3358 dux
492 3296 616 3358 colonia
632 3317 704 3371 suo,
720 3293 817 3381 eique
832 3294 927 3378 operia
942 3293 1132 3360 Procuratio-

127 3405 198 3448 nem
226 3384 364 3467 adeptus,
395 3383 543 3466 susceptis
571 3380 750 3465 Vespasiani
782 3383 925 3467 partibus,
957 3383 1133 3448 acerrimam

127 3470 208 3534 bello
224 3469 321 3536 lacem
339 3468 482 3550 praetulit:
507 3490 565 3533 non
583 3483 643 3534 tam
662 3467 789 3550 premiis
806 3469 1017 3552 periculorum,
1042 3467 1131 3552 quim

30 3629 32 3635 ,
128 3558 202 3642 ipsis
219 3557 358 3640 periculis
375 3556 476 3618 laetus:
505 3577 558 3640 pro
575 3556 664 3620 certis
688 3570 718 3618 et
742 3555 813 3618 olim
830 3556 919 3639 partis
935 3575 1024 3632 nova,
1040 3555 1133 3618 ambi·

129 3665 198 3729 gua,
223 3643 365 3724 ancipitia
388 3641 529 3706 malebat.
575 3641 670 3724 lgitur
685 3661 808 3704 movere
835 3657 866 3704 et
889 3657 1025 3725 quatere,
1052 3640 1133 3725 quio·

129 3732 200 3817 quid
218 3749 343 3814 usquam
361 3749 472 3813 egram
489 3728 574 3808 iuret,
601 3727 824 3811 aggrediuntur.
871 3727 998 3814 Scripta
1021 3729 1050 3794 in
1065 3727 1134 3823 BV?
