2560 4258
143 233 187 297 32
481 232 522 299 C.
546 231 656 300 Coras.
679 231 803 300 Tactrr
945 233 1000 320 [A.
1010 235 1052 302 U.
1066 235 1143 304 822.

145 396 207 460 suis
223 396 364 460 militibus
387 417 422 460 ac
443 398 600 481 stipendiis
622 399 800 463 tuebantur:
832 398 909 481 aegre
925 399 954 462 id
972 403 1048 484 passi
1067 399 1143 465 Hel·

146 483 228 559 vetii‚
255 484 429 566 interceptis
452 485 596 567 epistolis,
624 507 689 570 quae
717 486 838 549 nomine
854 485 1028 550 Germanioi
1054 509 1143 552 exer·

145 569 222 633 cittls
238 571 274 632 ad
293 570 482 634 Pannonicas
506 572 640 652 legiones
664 571 845 648 serebantur,
870 572 1087 637 Centuriooem
1111 589 1143 637 et

146 657 291 740 quosdam
317 657 443 719 militum
470 657 499 719 in
530 656 668 721 custodial
689 657 868 721 retinebant.
914 657 1047 737 cocina,
1072 661 1142 724 belli

145 742 261 818 avidus,
285 744 452 825 proximam
469 765 620 828 quamque
635 745 768 828 culpam,
793 759 953 828 antequam
971 747 1142 828 poenlteret,

146 829 241 891 ultum
259 830 330 891 ibat.
376 828 460 892 Mota
479 829 606 913 propere
628 845 743 894 castra:
772 833 877 892 vastati
902 833 984 912 agri:
1009 833 1144 916 direptus

145 914 236 996 longit
253 936 327 998 pace
353 915 381 976 in
410 915 532 978 modum
549 917 701 1000 municipii
717 931 887 980 exstructus
903 917 998 994 locus,
1022 939 1144 982 amoeno

144 1002 305 1064 salubrium
322 1022 465 1085 aquarum
477 1023 531 1064 usu
545 1000 702 1086 frequens:
727 1004 808 1065 missi
820 1004 857 1065 ad
875 1001 1013 1066 Rhaetica
1029 1006 1141 1068 auxilia

145 1089 251 1164 nuntii,
268 1103 299 1151 ut
315 1109 416 1150 versos
441 1089 470 1150 in
497 1089 646 1170 legionem
664 1087 824 1152 Helvetios
847 1110 864 1152 a
888 1103 973 1171 tergo
997 1091 1144 1173 aggrede-

145 1189 258 1237 rentur.

189 1259 340 1323 LXVlll.
364 1260 421 1335 llli,
433 1274 502 1323 ante
518 1259 676 1324 discrimen
691 1260 816 1339 seroces,
829 1262 857 1324 ln
876 1262 1010 1345 periculo
1031 1263 1142 1346 pavidi,

144 1368 316 1432 quanquam
335 1348 429 1430 primo
445 1348 571 1410 tumultu
583 1347 746 1411 Claudium
760 1349 907 1410 Severum
922 1347 1043 1411 Ducem
1059 1350 1143 1430 lege·

145 1448 222 1510 rant,
246 1457 303 1496 oon
321 1455 401 1496 arma
418 1455 553 1507 noscere,
577 1456 636 1497 non
653 1435 772 1498 ordines
787 1435 883 1518 sequi,
908 1457 966 1496 non
991 1435 1021 1498 in
1048 1457 1142 1498 unum

144 1521 320 1583 consulere:
352 1520 512 1582 exitiosum
536 1519 679 1582 adversus
696 1537 853 1583 veteranos
877 1521 1022 1602 praelium,
1047 1523 1142 1585 intuta

144 1607 270 1684 obsidio,
286 1607 407 1690 dilapsis
425 1621 573 1669 vetustate
590 1608 756 1670 moenibus:
782 1608 851 1669 hinc
867 1606 989 1670 Caecina
1004 1629 1074 1670 oum
1091 1629 1142 1670 va·

143 1693 205 1756 lido
220 1695 374 1772 exercitu;
398 1694 467 1756 inde
491 1693 636 1756 Rhaeticae
662 1694 716 1757 alae
731 1694 931 1777 cohortesque
955 1709 985 1756 et
1009 1695 1141 1776 ipsorum

145 1778 321 1844 Rhetorum
335 1779 489 1865 juventus,
512 1795 597 1844 sueta
613 1781 702 1843 armis
717 1795 748 1843 et
763 1801 846 1844 more
863 1781 972 1842 militiae
988 1781 1142 1843 exercita:
1240 1841 1242 1848 ,

144 1868 276 1952 undique
294 1867 448 1950 populatio
470 1880 501 1929 et
526 1868 644 1930 credes:
676 1868 730 1951 ipsi
754 1869 783 1930 in
801 1867 901 1930 medio
916 1867 994 1947 vagi,
1017 1866 1144 1951 abjectis

144 1954 244 2030 armis,
266 1974 373 2033 magna
399 1974 466 2036 pars
489 1954 581 2015 saucii
597 1968 648 2016 aut
664 1955 809 2036 palantes,
832 1954 861 2014 in
889 1969 1022 2013 montem
1042 1951 1143 2015 Voce-

144 2040 218 2102 tium
246 2039 414 2122 persugbre.
460 2038 509 2100 Ac
535 2040 646 2114 statim,
671 2038 804 2102 immissb
826 2038 951 2098 cohorte
975 2036 1142 2116 Thracum,

144 2126 272 2210 depulsi,
289 2141 329 2201 et,
345 2125 587 2188 consectantibus
603 2124 764 2186 Germanis
780 2123 967 2204 eraetisque,
986 2143 1038 2204 per
1053 2123 1143 2187 silvas

144 2227 234 2297 atque
259 2214 286 2275 io
313 2213 383 2296 ipsis
406 2211 527 2274 latebris
550 2212 698 2272 trucidati.
744 2209 845 2272 Multa
868 2209 1022 2270 hominum
1050 2210 1142 2274 millia

143 2321 230 2376 caasa,
247 2301 340 2362 multa
355 2299 411 2361 sub
426 2297 538 2361 coronal
555 2297 736 2359 venundata.
782 2293 935 2379 Cumque,
959 2295 1062 2358 dirutis
1077 2317 1144 2358 om·

144 2387 242 2462 nibus,
260 2387 452 2461 Aventicum,
478 2385 575 2465 gentis
601 2397 704 2467 caput,
726 2381 809 2467 justo
832 2383 950 2464 agmine
979 2397 1142 2465 peteretur,

144 2474 235 2550 missi,
252 2474 302 2556 qui
319 2473 465 2534 dederent
480 2471 652 2532 civitatem:
677 2483 708 2532 et
724 2469 837 2530 deditio
853 2483 989 2550 accepta.
1035 2469 1068 2531 ln
1085 2468 1143 2530 Ju-

144 2559 216 2622 lium
234 2561 390 2642 Alpinum,
414 2579 431 2620 e
456 2557 648 2639 principibus,
674 2571 706 2619 ut
721 2556 903 2618 concitorem
920 2555 1001 2630 belli,
1018 2555 1143 2618 Caecina

144 2646 371 2708 animadvertit:
395 2657 513 2706 ceteros
530 2643 623 2705 veniae
640 2643 687 2705 vel
703 2643 822 2706 sevitia
839 2639 952 2703 Vitellii
966 2642 1097 2725 reliquit.

187 2730 311 2796 LXlX.
337 2729 428 2792 Haud
454 2728 540 2791 facile
562 2729 643 2793 dictu
659 2744 716 2807 est,
743 2729 832 2810 legati
850 2727 1060 2790 Helvetiorum
1086 2728 1142 2790 mi·

143 2820 199 2884 nias
216 2818 393 2902 placabilem
410 2816 639 2899 Imperatorem,
662 2837 699 2879 an
716 2817 840 2878 militem
858 2815 1044 2877 invenerint:
1068 2815 1144 2876 civi·

144 2908 212 2970 tatis
228 2906 380 2968 excidium
399 2917 535 2987 poscunt,
563 2905 622 2966 tela
647 2924 682 2966 ac
706 2923 811 2966 manus
836 2901 864 2963 in
889 2923 940 2962 ora
956 2899 1141 2980 Legatomm

142 2996 302 3058 intentant.
349 2989 398 3052 Ne
416 2988 556 3052 Vitellius
573 2989 694 3074 quidem
718 2990 804 3052 minis
825 3009 860 3050 ac
877 2988 974 3049 verbis
990 3002 1143 3068 tempera-

142 3081 214 3144 bat:
238 3079 307 3142 cirm
325 3077 472 3141 Claudius
488 3076 614 3150 Cossus,
639 3097 715 3139 unus
731 3097 771 3138 ex
788 3074 922 3156 Lageus,
946 3087 1022 3134 notae
1040 3073 1142 3135 lacon·

142 3168 210 3244 diae,
237 3167 289 3229 sed
307 3163 423 3227 dicendi
440 3179 533 3226 artem
551 3163 623 3245 aptal
638 3163 836 3244 trepidatione
859 3160 1024 3235 occultans,
1052 3176 1142 3243 atque

143 3255 181 3318 eb
198 3253 331 3327 validior,
358 3251 456 3313 militis
481 3251 613 3312 animum
638 3250 768 3331 mitigav‘
848 3261 927 3309 test
944 3267 1016 3307 mox
1034 3247 1141 3326 vulgus

142 3341 286 3406 mutabile
302 3339 416 3414 subitis
444 3351 474 3399 et
500 3352 558 3399 tam
585 3357 710 3417 pronum
737 3265 1033 3408 inuericordiam,
1051 3332 1142 3416 quiam

142 3429 336 3493 immodicum
349 3423 462 3486 saevitid
477 3422 590 3484 luerat:
615 3422 716 3484 effusis
731 3421 882 3503 lacrymis
892 3435 922 3480 et
937 3419 1058 3481 meliora
1070 3440 1143 3480 oon·

141 3513 267 3579 stantibs
292 3509 712 3595 postulandopimpunitatem
738 3507 927 3590 salutemque
950 3505 1062 3567 civitati
1087 3505 1142 3567 im-

233 3623 248 3660 V
306 3645 313 3660 .

143 3617 302 3752 petffipe
316 3685 438 3750 Caecina
455 3704 566 3768 paucos
591 3683 619 3746 in
645 3680 795 3744 Helvetiis
820 3691 951 3742 moratus
978 3677 1052 3752 dies,
1069 3677 1141 3740 dum

141 3775 297 3842 sententie
322 3771 437 3836 Vitellii
461 3770 570 3836 certior
597 3770 691 3849 fieret,
718 3767 806 3834 simul
836 3765 991 3831 transitum
1017 3764 1143 3850 Alpium
