2514 4318
132 210 320 298 A.c.ro.]
410 211 552 280 Hieron.
576 214 845 292 Lra.Qu1urus.
925 259 927 264 -
1071 217 1131 282 191

127 396 211 460 cent,
228 394 350 467 quotam
369 395 484 466 partem
501 383 618 464 generis
634 381 756 446 humani
777 380 913 446 Batavos
928 381 1019 445 esse?
1040 382 1134 468 respi-

127 482 235 532 cerent
258 467 382 532 Rhetos
404 467 594 554 Noricosque
617 483 648 532 et
663 483 832 533 cetemrum
853 489 945 532 onera
959 469 1130 532 sociorum:

128 555 186 618 sibi
198 577 257 618 uon
273 555 393 633 tributa,
409 554 463 619 sed
486 555 626 619 virtutem
643 568 674 619 et
688 555 766 619 viros
781 555 892 618 indici:
915 555 1087 638 proximum
1103 552 1133 618 id

127 641 281 718 libertati3
304 655 345 719 et,
360 642 385 704 si
400 641 589 704 dominorum
613 641 723 706 electio
737 643 786 719 sit,
802 641 956 706 honestiirs
975 641 1076 705 Princi
1100 661 1134 705 es

130 726 355 806 Romanorum,
366 728 455 813 quam
472 726 694 792 Germanorum
715 726 854 792 soeminas
869 727 1011 792 tolerari!
1091 748 1134 792 aec

132 815 251 898 vulgus.
297 813 463 879 Procercs:
489 815 655 880 ‘atrociore
672 813 780 879 Civilis
796 815 877 878 rabie
892 827 990 878 semet
1005 814 1035 876 in
1051 831 1135 878 arma

131 916 251 966 trusos:
274 901 357 964 illurn
374 902 546 966 domesticis
559 902 644 966 malis
656 901 808 966 'excidium
824 901 923 985 gentis
938 901 1134 986 apposuisse:

131 1002 205 1052 tuno
220 985 351 1052 infensos
371 987 497 1052 Batavis
518 987 615 1067 Deos,
630 988 700 1052 crim
716 987 925 1052 obsiderentur
939 988 1074 1072 legiones
1090 987 1136 1050 in·

130 1074 340 1138 terficercntur
356 1074 477 1160 Legati,
498 1075 610 1138 bellum
633 1077 686 1138 uni
708 1073 1039 1152 necessarium-ferale
1061 1074 1134 1173 ipsis
1183 1131 1188 1140 Χ
1250 1089 1251 1096 ’

129 1175 312 1225 sumeretur.
355 1159 491 1225 Ventum
508 1161 546 1225 ad
570 1176 717 1238 extrema,
737 1161 767 1224 ni
789 1161 965 1246 resipiscere
980 1160 1134 1246 incipiant,

130 1262 162 1314 et
177 1248 260 1310 noxii
275 1248 382 1332 capitis
396 1247 489 1334 poenb
505 1249 715 1332 poenitentiam
731 1247 902 1310 fateantur)

175 1331 305 1398 XXVI.
329 1333 400 1398 Non
417 1334 522 1398 fefellit
540 1335 672 1398 Civilem
689 1356 725 1398 ea
744 1334 908 1412 inclinatio,
924 1346 956 1398 et
970 1333 1136 1418 prevenire

130 1422 253 1485 statuit:
278 1441 370 1506 super
384 1423 506 1485 taerlium
529 1421 685 1497 malorum,
709 1421 800 1484 etiam
820 1441 876 1505 spe
894 1421 970 1498 vitae,
987 1443 1052 1506 quae
1069 1421 1135 1505 ple·

130 1529 259 1592 rumque
282 1529 407 1588 magnos
430 1508 545 1570 animos
568 1504 708 1588 infringit.
753 1505 856 1570 Petito
875 1508 1037 1592 colloquio,
1057 1507 1136 1570 scin·

132 1595 213 1657 ditur
235 1592 370 1656 Nabaliae
394 1593 524 1656 fluminis
547 1615 644 1676 pons;
667 1593 697 1655 in
722 1592 809 1678 cujus
835 1593 961 1676 abrupta
987 1594 1135 1676 progressi

131 1679 262 1744 Duces:
285 1694 316 1744 et
335 1679 443 1743 Civilis
465 1680 506 1743 ita
528 1680 641 1764 coepit:
667 1677 722 1741 ‘Si
745 1679 827 1762 apud
843 1677 957 1742 Vitellii
980 1677 1133 1764 Legatum

131 1764 312 1830 defenderer
326 1787 333 1842 ;
357 1787 457 1850 neque
473 1765 552 1828 sacto
569 1787 637 1828 meo
652 1765 751 1843 venia,
763 1787 863 1851 neque
876 1765 963 1830 dictis
979 1767 1063 1842 fides,
1080 1767 1135 1831 dc·

131 1852 271 1915 bebatur.
317 1851 440 1915 Cuncta
455 1853 532 1915 inter
547 1874 601 1915 uos
616 1852 746 1928 inimica,
763 1852 892 1930 hostilia,
908 1853 946 1915 ab
961 1852 1012 1916 illo
1023 1867 1136 1938 coepta,

134 1959 217 2000 ame
234 1953 321 2002 aucta
339 1953 434 2002 erant.
481 1937 564 2022 Erga
587 1937 810 2022 Vespasianum
834 1953 920 2002 vetus
939 1939 1011 2003 mihi
1033 1940 1137 2004 obser·

133 2025 253 2089 vautia:
279 2042 319 2103 et,
345 2024 417 2088 crim
443 2025 577 2116 privatus
600 2040 690 2102 esset,
713 2027 801 2090 amici
823 2027 1018 2090 vocabamur.
1064 2025 1136 2091 Hoc

134 2112 241 2176 Primo
257 2112 388 2175 Antonio
411 2128 526 2189 notum,
553 2113 639 2199 cujus
665 2112 798 2196 epistolis
819 2112 856 2176 ad
884 2113 996 2176 bellum
1020 2114 1135 2177 accitus

134 2221 214 2275 sum,
237 2220 276 2261 ne
300 2197 489 2263 Germanicae
512 2199 656 2284 legiones,
673 2213 704 2262 et
731 2199 848 2262 Gallica
868 2199 1011 2284 juventus
1038 2199 1137 2283 Alpes

134 2285 370 2350 transcenderet.
399 2285 479 2360 Quae
490 2287 638 2350 Antonius
651 2283 1137 2370 epistolis‚HordeoniusFlaccus

136 2393 266 2456 presens
282 2372 435 2450 monebat,
452 2394 534 2436 arma
556 2374 585 2436 in
602 2371 769 2436 Germanii
786 2373 878 2449 movi,
895 2394 960 2459 quae
976 2371 1136 2434 Mucianus

136 2459 166 2523 iu
184 2458 284 2544 Syria,
299 2459 437 2546 Aponius
447 2461 475 2524 in
491 2458 614 2540 Moesia,
631 2457 794 2524 Flavianus
808 2460 839 2524 iu
855 2457 1034 2536 Pannonib,’
1059 2456 1080 2496 ὕ
1101 2459 1123 2499 'l'
