2484 4316
97 219 159 282 176
436 216 474 281 C.
499 216 607 282 Curam
631 217 756 282 thrrr
890 219 943 303 [A.
960 219 1004 284 U.
1020 219 1103 287 823.

92 378 306 444 Alexandrini
321 379 453 464 quidam,
466 380 624 442 oculorum
641 381 710 444 tabe
733 394 832 459 nctus,
848 404 946 465 genua
961 385 1027 469 ejus
1043 384 1103 448 ad-

94 467 233 544 volvitur,
250 467 436 530 ‘remedium
460 467 611 530 cecitatis'
628 488 797 550 exposcens
820 470 956 551 gemitu3
979 472 1102 534 monitu

94 552 250 636 Serapidis
266 553 338 630 Dei,
355 575 445 636 quem
463 553 564 614 dedita
579 555 837 636 superstitionibus
853 577 926 638 gens
938 572 1008 618 ante
1021 557 1102 620 alios

93 640 184 704 colit:
209 640 448 722 precabaturque
475 638 661 722 Principem,
689 647 742 704 ‘ut
768 663 861 722 genas
885 657 915 706 et
938 643 1101 707 oculorum

92 725 180 790 orbes
196 725 368 807 dignaretur
390 745 567 808 respergere
584 725 643 787 oris
659 727 882 790 excremento’
926 729 1014 791 Alius
1031 751 1102 792 ma·

92 834 165 876 nuru
196 833 283 893 aeger,
310 811 420 874 eodem
451 809 522 873 Deo
553 826 686 888 auctore,
718 820 771 876 ‘ut
798 814 878 897 pede
908 835 945 877 ac
968 816 1101 899 vestigio

93 897 222 962 Cesaris
245 896 435 974 calcaretur,'
458 897 574 960 orabat.
621 895 826 982 Vespasianus
843 899 939 983 primi)
961 901 1099 980 irridere,

93 985 265 1068 aspernari:
290 999 390 1069 atque,
414 984 470 1046 illis
494 984 681 1061 instantibus,
711 985 802 1048 modd
823 985 933 1048 samam
956 989 1098 1052 vanitatis

92 1084 238 1147 metuere,
249 1069 341 1134 modd
357 1070 564 1134 obsecratione
576 1071 707 1154 ipsorum
723 1088 754 1136 et
768 1073 891 1136 vocibus
907 1074 1098 1138 adulantium

92 1158 122 1220 io
138 1179 224 1240 spem
246 1158 369 1220 induci:
395 1155 548 1240 postremi)
571 1157 769 1220 existimaris
796 1160 921 1223 medicis
935 1159 1033 1244 jubet,
1057 1182 1099 1224 an

91 1243 159 1308 talis
174 1244 292 1308 cecitas
315 1265 351 1306 ac
374 1243 511 1324 debilitas
537 1264 597 1326 ope
618 1243 752 1306 humanit
775 1245 959 1329 superabiles
984 1245 1096 1310 forent.

91 1329 206 1394 Medici
220 1330 299 1394 variis
309 1330 476 1393 disserere:
502 1327 606 1392 ‘Huic
622 1351 682 1391 non
698 1351 822 1394 exesam
840 1332 899 1394 vim
916 1332 1046 1410 luminis,
1064 1347 1099 1397 et

91 1417 265 1496 redituram,
280 1418 304 1480 si
322 1417 504 1501 pellerentur
526 1417 693 1479 obstantia:
718 1417 760 1479 illi
784 1418 906 1501 elapsos
919 1419 949 1481 in
967 1441 1098 1502 pravum

92 1519 182 1582 artus,
198 1505 221 1567 si
237 1504 362 1567 salubris
383 1504 427 1567 vis
448 1502 637 1578 adhibeatur,
665 1524 752 1586 posse
779 1504 930 1586 integrari.
975 1504 1012 1568 Id
1036 1505 1098 1569 lor·

90 1607 169 1656 tasse
185 1591 268 1654 cordi
284 1589 371 1667 Deis,
387 1604 418 1652 et
433 1589 546 1652 Divino
570 1589 733 1652 ministerio
748 1589 922 1674 Principem
939 1591 1097 1656 electum:

90 1678 223 1762 denique
241 1677 345 1762 patrati
361 1676 486 1740 remedii
509 1675 633 1759 gloriam
652 1696 745 1758 penes
761 1675 914 1741 Caesarem
931 1677 1000 1741 irriti
1016 1678 1098 1742 ludi-

90 1764 188 1828 brium
216 1785 311 1848 penes
337 1763 473 1839 miseros,
496 1761 583 1825 sore.'
628 1761 722 1844 Igitur
745 1760 963 1847 Vespasianus
986 1781 1099 1830 cuncta

90 1849 215 1916 sortuuae
231 1872 291 1914 suae
308 1864 410 1933 patere
432 1867 524 1927 ratus,
546 1869 605 1912 nec
628 1849 788 1932 quicquam
805 1849 883 1912 ultre
905 1851 1095 1930 incredibile,

37 2013 42 2022 ·
89 1937 159 2000 leto
181 1937 245 2020 ipse
270 1935 365 2014 vultu,
392 1935 502 2012 erecta,
530 1957 595 2020 que
617 1936 748 2012 'astabat,
779 1936 982 2013 multitudine,
1008 1937 1096 2022 jussa

92 2025 264 2108 exequitur.
312 2021 421 2085 Statim
444 2043 591 2086 conversa
618 2020 655 2083 ad
686 2043 772 2084 usum
803 2043 921 2100 manus,
952 2045 988 2086 ac
1011 2045 1096 2088 caeco

90 2110 200 2175 reluxit
216 2110 292 2174 dies.
337 2107 521 2193 Utrumque,
539 2108 588 2194 qui
603 2107 775 2184 interfuere,
797 2129 877 2172 nunc
893 2131 1013 2196 quoque
1029 2131 1096 2174 mc-

89 2211 217 2272 morant,
233 2211 388 2281 postquam
405 2196 521 2258 nullum
537 2194 695 2258 mendacio
712 2194 851 2280 pretium.
975 2273 980 2282 Ι

85 2343 88 2348 Α
133 2281 308 2348 LXXXII.
332 2282 433 2346 Altior
458 2281 527 2344 inde
543 2279 732 2364 Vespasiano
757 2281 868 2366 cupido
891 2281 1022 2344 adeundi
1045 2303 1095 2346 sa-

89 2391 173 2436 cram
188 2369 304 2447 sedem,
328 2382 362 2432 ut
376 2389 467 2452 super
490 2367 579 2431 rebus
594 2367 716 2451 Imperii
740 2367 920 2433 consuleret.
967 2369 1094 2433 ‘Arceri

89 2453 365 2543 templocunctcs,'
387 2455 493 2541 jubet:
523 2469 612 2539 atque
637 2455 788 2536 ingressus
811 2455 1002 2538 intentusque
1027 2453 1095 2519 Nu·

89 2545 173 2621 mini,
189 2542 324 2627 respexit
340 2541 419 2626 pone
435 2554 552 2622 tergum
575 2562 593 2602 e
614 2540 790 2624 primoribus
805 2540 1021 2625 AEgyptiorum
1038 2564 1094 2605 no·

89 2631 170 2695 mine
193 2627 380 2704 Busiridem
405 2629 500 2712 'quem
525 2627 630 2710 procul
654 2626 842 2690 Alexandrib
872 2627 1001 2710 plurium
1028 2629 1094 2691 die-

88 2740 155 2784 rum
171 2717 276 2780 itinere
292 2730 323 2779 et
335 2736 413 2797 egro
428 2735 554 2798 corpore
567 2713 692 2777 detineri
702 2714 788 2788 ‚haud
805 2714 970 2795 ignorabat.
1016 2714 1094 2778 Per·

88 2819 245 2872 cunctatur
261 2802 451 2878 Sacerdotes,
469 2809 559 2864 ‘num
576 2801 627 2864 illo
643 2799 690 2863 die
701 2799 850 2862 Basilides
863 2801 1009 2884 templum
1024 2801 1094 2865 inis-

88 2906 135 2958 set
147 2893 170 2955 l'
195 2905 406 2977 percunctatur
420 2889 534 2964 obvios,
560 2893 650 2950 ‘uum
675 2888 702 2949 in
728 2887 800 2949 urbe
819 2887 898 2950 visus
913 2887 983 2951 sit?'
1007 2887 1093 2950 deni·

89 3001 160 3066 que,
177 2978 273 3042 missis
287 2977 447 3062 equitibus,
471 2974 620 3058 explorat,
647 2974 698 3036 illo
713 2974 857 3058 temporis
873 2987 1026 3036 momento
1041 2996 1094 3038 oc·

87 3067 200 3151 toginta
216 3065 345 3128 millibus
362 3084 501 3148 passuum
514 3060 654 3124 abluisse.
699 3059 790 3124 Tunc
803 3059 945 3124 Divinam
959 3061 1092 3144 speciem

88 3169 120 3220 et
135 3155 196 3217 vim
212 3173 259 3214 res
290 3152 346 3214 'nsi
363 3171 403 3212 ex
418 3149 539 3212 nomine
555 3145 711 3210 Basilidis
728 3148 940 3230 interpretatus
956 3161 1012 3210 est.

132 3173 323 3304 LXXXiOI.
347 3236 443 3318 Origo
459 3235 520 3298 Dei
541 3236 675 3304 nondum
699 3235 805 3296 nostris
825 3235 996 3297 auctoribus
1011 3234 1093 3298 cele·

87 3331 191 3404 brata;
215 3325 428 3406 AEgyptiorum
454 3322 598 3386 antistites
623 3322 665 3385 sic
689 3334 875 3383 memorant:
901 3319 1092 3386 ‘Ptolemaeo

89 3415 182 3496 Regi,
207 3413 257 3496 qui
273 3409 478 3474 Macedonum
497 3410 608 3491 primus
624 3407 750 3492 AEgypti
767 3427 840 3490 opes
855 3407 995 3484 firmavit,
1021 3409 1092 3473 olrm

88 3499 280 3568 Alexandrie
296 3495 403 3561 recens
418 3496 545 3560 condite
562 3496 672 3558 moenia
693 3494 867 3578 templaque
886 3509 917 3558 et
933 3495 1089 3576 religiones

88 3589 223 3663 adderet,
250 3584 395 3660 oblatum,
420 3605 475 3666 per
490 3583 634 3667 quietem,
658 3581 767 3644 decore
784 3580 896 3643 eximio
920 3595 951 3644 et
978 3583 1092 3668 majore

89 3676 178 3762 quiam
195 3670 327 3736 humans
342 3671 444 3755 specie
463 3669 620 3755 juvenem,
640 3669 689 3753 qui
706 3681 852 3744 moneret,
876 3681 919 3745 ut,
944 3668 1095 3732 fidissimis

88 3763 254 3827 amicorum
269 3759 299 3824 in
316 3757 449 3822 Pontum
465 3756 572 3834 missis,
588 3756 719 3839 effigiem
735 3777 820 3820 suam
833 3755 964 3820 acciret:
987 3753 1091 3816 laetam
