2516 4250
101 253 142 320 Α.
157 253 198 321 0.
214 255 284 338 69.]
375 251 519 321 Htsnort.
543 251 618 320 Lm.
643 255 833 322 Sucnunus.
1061 255 1104 322 83

96 421 234 486 -tanniam
251 419 288 484 ad
315 419 604 504 quartadecimanos,
630 422 659 486 iu
688 419 865 506 Hispaniam
893 421 930 484 ad
955 422 1105 506 primanos

103 508 253 592 epistolae:
278 507 358 592 qubd
375 527 500 592 utraque
516 509 594 588 legio
615 531 669 592 pro
684 508 817 584 Othone,
841 509 965 571 adversa
981 507 1106 572 Vitellio

104 594 211 658 luerat.
258 593 445 678 Spargantur
467 616 521 678 per
536 595 649 658 Gallias
663 596 773 658 literae:
798 611 1012 679 momentoque
1027 610 1105 658 tem-

97 681 184 766 poris
199 679 342 762 flagrabat
369 682 621 763 ingens-bellum,
649 679 777 764 Illyricis
803 682 985 746 exercitibus
1006 681 1106 765 pallam

6 817 7 822 η
103 767 352 842 desciscentibus,
368 769 478 830 ceteris
492 767 640 832 fortunam
656 769 820 831 secuturis.

148 851 359 916 Lxxxvrr.
392 853 477 916 Dum
505 855 569 918 baec
590 875 649 938 vper
675 855 841 938 provincias
871 875 888 917 a
917 852 1107 938 Vespasiano
1153 856 1158 865 '

104 940 307 1024 Ducibusque
328 941 455 1024 partiunt
472 955 625 1022 geruntur,
640 939 781 1003 Vitellius
803 942 982 1004 contemtior
997 942 1025 1004 in
1042 941 1107 1004 dios

64 1047 66 1052 ·
104 1029 295 1110 segniorque,
312 1025 349 1088 ad
366 1049 472 1090 omnes
487 1027 718 1110 municipiorum
736 1027 932 1111 villarumque
948 1029 1107 1092 amoenita-

103 1127 152 1178 tes
166 1114 316 1188 resistens,
332 1113 414 1196 gravi
431 1115 535 1176 urbem
552 1114 670 1196 agmine
683 1113 816 1198 petebat.
861 1113 1025 1197 Sexaginta
1041 1115 1108 1178 mil·

102 1201 145 1264 lia
160 1215 341 1263 armatorum
357 1201 570 1284 sequebantur,
583 1199 705 1263 licentiis
715 1216 872 1284 corrupta:
896 1202 1035 1264 calonum
1052 1223 1108 1263 nu-

105 1307 207 1350 merus
224 1287 369 1370 amplior:
393 1287 611 1371 procacissimis
635 1289 724 1351 etiarn
751 1287 828 1350 inter
851 1309 954 1350 servos
980 1288 1107 1350 lixarum

104 1373 249 1458 ingeniis:
273 1387 317 1436 tot
332 1371 517 1457 Legatorum
537 1375 763 1458 amicorumque
778 1374 948 1450 comitatus,
971 1374 1109 1438 inhabilis

105 1461 143 1524 ad
161 1459 337 1545 parendum,
361 1462 450 1522 ctiam
467 1463 491 1523 si
507 1459 627 1523 summa
642 1459 790 1524 modestia
813 1475 977 1542 regeretur.
1023 1459 1110 1524 One·

105 1547 211 1611 rabant
227 1547 446 1610 multitudinem
462 1547 541 1610 obvii
565 1569 605 1610 ex
628 1547 701 1609 urbe
719 1547 882 1610 Senatores
898 1546 1109 1630 Equitcsque:

107 1633 228 1719 quidam
245 1646 339 1710 metu,
368 1634 451 1696 multi
468 1655 521 1718 per
544 1633 758 1710 adulationem,
784 1633 876 1721 ceteri
904 1653 940 1696 ac
966 1633 1110 1716 paulatim

105 1739 222 1796 omnes,
239 1741 288 1797 ne,
304 1720 367 1783 aliis
382 1721 646 1804 proficiscentibus,
669 1719 725 1804 ipsi
748 1735 947 1782 remanerent.
993 1719 1110 1802 Aggre-

106 1807 252 1892 gabantur
267 1828 285 1869 e
303 1807 401 1890 plebe,
425 1806 572 1890 flagitiosa
595 1827 649 1890 per
675 1807 818 1890 obsequia
836 1804 960 1868 Vitellio
983 1805 1107 1888 cogniti,
1201 1883 1204 1891 .

106 1914 227 1969 scurrae,
247 1893 416 1970 histriones,
432 1895 551 1976 aurigae,
585 1893 672 1956 uibus
687 1893 735 1955 ille
752 1893 947 1956 amicitiarum
961 1892 1110 1955 dehones-

106 1980 248 2044 tamentis
263 1980 337 2042 mire
354 1981 517 2062 gaudebat.
563 1915 632 2043 lien
654 1979 779 2044 coloniae
794 1978 897 2056 modb,
918 1993 969 2042 aut
985 1979 1111 2042 munici-

107 2068 169 2152 pia,
189 2082 332 2150 congestu
348 2069 514 2151 copiarum,
530 2067 584 2130 sed
601 2067 655 2150 ipsi
675 2067 807 2131 cultores
829 2087 972 2151 arvaque,
988 2065 1111 2131 maturis

102 2153 169 2240 jam
185 2151 326 2234 frugibus,
340 2169 372 2217 nt
389 2153 495 2216 hostile
511 2154 618 2230 solum,
630 2153 834 2216 vastabantur.
1114 2145 1121 2157 ‘

152 2237 377 2302 LXXXVlll.
403 2239 507 2304 Multae
530 2255 562 2304 et
576 2258 693 2304 atroces
707 2241 784 2304 inter
803 2261 836 2302 se
859 2240 985 2303 militum
1001 2237 1111 2317 caedes,

108 2341 177 2412 post
191 2326 370 2390 seditionem
386 2325 487 2390 Ticini
502 2341 635 2410 coeptam
653 2341 794 2390 manente
809 2327 961 2410 legionum
985 2326 1113 2390 auxilio·

106 2434 237 2498 rumque
253 2413 422 2492 discordid3
445 2413 495 2476 ubi
511 2414 655 2476 adversus
679 2435 811 2498 paganos
831 2414 1006 2478 certandum
1024 2412 1111 2490 soret,
1159 2415 1160 2418 ’

107 2521 270 2564 consensu.
317 2500 378 2564 Sed
395 2500 521 2583 plurima
535 2514 649 2584 strages
666 2501 704 2563 ad
720 2501 882 2584 septimum
899 2500 1021 2563 aburbe
1037 2499 1112 2583 lapi-

108 2587 193 2650 dem.
241 2585 373 2668 Singulis
389 2587 428 2650 ibi
444 2587 584 2650 militibus
602 2585 742 2650 Vitellius
758 2603 875 2672 paratos
891 2587 985 2662 cibos,
1000 2601 1033 2648 ut
1048 2585 1113 2667 gla-

104 2672 265 2740 diatoriam
282 2675 427 2756 saginam,
443 2673 615 2736 dividebat:
640 2691 670 2738 et
685 2675 779 2737 effusa
794 2674 899 2758 plebes
915 2673 984 2736 totis
998 2694 1031 2736 se
1046 2693 1114 2736 cas·

108 2761 159 2826 tris
174 2759 346 2822 miscuerat.
393 2759 561 2823 incuriosos
577 2761 685 2824 milites
703 2759 882 2844 (vernacula
893 2760 1052 2822 utebantur
1064 2779 1113 2822 ut·
1215 2826 1217 2831 ,
1250 2801 1251 2812 .

108 2847 258 2931 babitare)
276 2847 396 2930 quidam
413 2846 590 2930 spoliavere,
607 2848 728 2910 abscisis
744 2845 843 2910 furtim
861 2847 977 2923 balteis,
993 2844 1046 2931 ‘jan
1062 2866 1114 2908 ac·

107 2933 200 2998 cincti
215 2932 324 2996 lorent'
340 2934 513 3016 rogitantes.
560 2933 629 2996 Non
642 2935 705 2998 tulit
720 2933 879 2996 ludibrium
893 2933 1023 2996 insolens
1039 2953 1113 2994 con·

109 3020 241 3085 tumeliae
257 3021 391 3083 animus:
416 3021 561 3084 inermem
580 3021 723 3104 populum
747 3020 851 3102 gladiis
874 3017 1031 3082 invasere:
1055 3039 1114 3082 ce·

108 3129 161 3172 sus
173 3109 250 3170 inter
264 3107 337 3170 alios
353 3122 437 3192 pater
450 3108 560 3184 militis,
571 3106 640 3170 ciam
657 3107 749 3170 filium
766 3107 979 3182 comitaretur3
1003 3104 1113 3168 deinde

110 3194 248 3278 agnitus:
279 3209 321 3272 et,
349 3193 472 3276 vulgata
493 3195 587 3270 caede,
611 3207 812 3278 temperatum
837 3193 875 3256 ab
890 3192 1030 3255 innoxiis.
1077 3191 1112 3255 ln

110 3283 186 3344 urbe
202 3296 302 3344 tamen
327 3282 521 3364 trepidaturn,
549 3281 797 3365 procurrentibus
825 3280 934 3363 passim
961 3279 1113 3342 militibus.

110 3367 228 3432 Forum
251 3367 384 3430 maxime
402 3370 555 3452 petebant,
578 3369 720 3450 cupidine
737 3367 851 3430 visendi
876 3367 987 3442 locum,
1008 3367 1115 3450 inquo

110 3453 211 3520 Galba
230 3454 386 3539 jacuisset.
433 3453 501 3518 Nec
532 3454 629 3516 mimis
655 3476 766 3516 saevnm
794 3453 1002 3538 spectaculum
1030 3467 1116 3516 erant
1174 3527 1175 3530 Ἴ

111 3542 179 3626 ipsi,
196 3543 286 3624 tergis
310 3540 438 3604 serarum
455 3557 485 3604 et
501 3541 671 3623 ingentibus
694 3542 760 3602 telis
778 3541 943 3616 horrentes,
967 3539 1036 3602 crim
1053 3553 1116 3602 tur-

110 3629 180 3692 bam
197 3629 302 3712 pnpuli
327 3650 380 3711 per
396 3629 541 3690 inscitiam
566 3649 669 3710 parurn
688 3627 825 3704 vitarent,
849 3643 910 3704 aut,
935 3627 984 3690 nbi
1001 3627 1115 3690 lubrico

110 3718 167 3779 viae
183 3716 231 3777 vel
248 3737 375 3777 occursu
392 3713 516 3799 alicujus
533 3715 740 3798 procidissent,
764 3715 800 3776 ad
821 3713 965 3798 jurgium,
988 3735 1060 3774 mox
1077 3715 1115 3776 ad

107 3823 218 3866 manus
234 3817 264 3864 et
281 3801 390 3864 ferrum
407 3802 576 3864 transirent.
623 3799 707 3873 Quin
725 3815 756 3863 et
771 3799 898 3862 Tribuni
912 3799 1116 3882 Ptaesectique

107 3912 179 3955 cum
198 3904 308 3953 terrore
325 3904 355 3952 et
372 3903 553 3952 armatorum
576 3888 704 3952 catervis
721 3887 896 3951 volitabant.
