2508 4254
171 261 215 324 94
506 257 547 323 C.
571 257 681 324 cons.
704 255 829 322 Trcrar
964 255 1019 339 [Α.
1035 253 1079 320 U.
1096 257 1174 320 822.

170 445 238 487 mus
253 445 289 486 ac
306 421 416 499 Varus,
442 438 626 507 occupantes
644 421 790 507 Aquileiae
817 421 954 506 proxima
977 442 1114 506 quaeque,
1142 435 1174 484 et

170 509 319 594 Opitergii
337 527 366 574 et
382 510 475 574 Altini
492 511 562 574 laetis
578 511 684 574 animis
699 509 903 593 accipiuntur:
926 509 1062 572 relictum
1079 509 1174 572 Altini

170 598 337 697 presidium
365 597 507 660 adverstis
530 598 656 660 classem
675 597 896 671 Ravennatem,
920 595 1051 658 nondum
1069 594 1174 658 deiec-

169 684 250 747 tione
250 683 339 789 Aejus
361 683 479 748 auditis:
510 683 581 746 inde
609 683 766 746 Patavium
790 697 819 746 et
835 683 943 746 Ateste
967 683 1099 767 partibus
1119 682 1174 744 ad·

166 769 318 856 junxere.
341 771 400 833 illic
415 771 579 853 cognitum,
595 776 676 834 ‘tres
694 769 870 833 Vitellianas
887 769 1027 832 cobortes
1042 768 1172 846 etaiam,

168 879 216 920 cur
210 857 411 920 Sebonianoe
425 879 546 934 nomen,
562 857 599 920 ad
617 856 713 920 sorum
730 857 854 932 Allieni,
868 871 957 939 ponte
968 856 1086 940 juncto,
1101 877 1175 920 con·

170 943 318 1008 sedisse.''
364 943 484 1008 Placuit
509 945 628 1006 occasio
654 943 847 1006 invadendi
841 947 1024 1006 incuriosos:
1050 965 1120 1006 nam
1144 943 1174 1005 id

171 1053 291 1115 quoque
307 1032 515 1094 nuntiabatur:
538 1031 606 1094 luce
623 1029 718 1114 primia
730 1031 859 1094 inermos
875 1031 1033 1114 plerosque
1049 1051 1177 1113 oppres·

171 1117 249 1180 sdre.
295 1117 489 1194 Praedictum‚
516 1125 576 1194 ‘ut,
604 1119 707 1202 paucis
723 1116 894 1193 intersectis,
921 1133 1038 1180 ceteros
1063 1137 1174 1215 pavore

171 1204 209 1266 ad
226 1205 400 1273 mutandam
422 1204 513 1266 fidem
529 1203 704 1288 cogerent?
728 1220 759 1269 et
774 1203 868 1281 suere,
891 1203 941 1288 qui
957 1225 989 1265 se
1005 1204 1104 1266 statim
1121 1203 1176 1266 de-

171 1291 298 1439 ldorent·
321 1291 432 1375 plures,
459 1292 586 1376 abrupto
602 1307 706 1376 ponte,
733 1291 851 1355 instanti
878 1291 955 1354 hosti
980 1289 1059 1352 viam
1075 1291 1177 1354 abstu-

183 1392 268 1440 erunt
447 1435 449 1440 .

216 1461 289 1527 Vll.
312 1461 443 1548 Vulgetd
454 1463 589 1541 victorii,
603 1479 670 1548 post
682 1464 827 1548 principia
839 1463 908 1528 belli
921 1462 1090 1526 secundirm
1103 1461 1177 1526 Fla-

171 1549 284 1626 vianos,
305 1551 372 1615 duae
388 1552 532 1635 legiones,
559 1552 686 1636 septima
709 1550 867 1627 Galbiana,
891 1551 1097 1614 tertiadecima
1112 1549 1179 1612 Ge-

171 1637 262 1714 mina,
278 1659 348 1700 cum
364 1637 466 1702 Vedio
483 1638 605 1723 Aquilai,
633 1637 761 1720 Legato,
786 1637 944 1702 Patavium
962 1637 1077 1702 alacres
1094 1637 1179 1700 veni·

170 1739 243 1786 unt:
269 1725 306 1787 ibi
324 1747 411 1809 pauet
403 1727 491 1790 dies
507 1726 544 1788 ad
561 1725 696 1810 requiem
712 1725 819 1788 sumti:
844 1742 874 1790 et
890 1723 1045 1788 Minucius
1059 1723 1176 1828 Justps,

171 1807 256 1874 Praet
252 1828 337 1874 ectus
349 1828 511 1875 castrorum
524 1813 649 1896 legionis
660 1811 803 1896 septima,
816 1812 886 1896 quia
901 1810 1069 1886 adductius,
1086 1809 1178 1894 quiam

170 1895 250 1959 civili
274 1897 365 1997 bello,
381 1899 579 1984 imperitabat,
596 1900 764 1964 subtractus
780 1899 929 1962 militum
924 1921 981 1975 rrae,
1005 1897 1042 1960 ad
1058 1896 1179 1982 Vespa·

171 1981 286 2046 sianum
304 1987 410 2048 missus
423 2002 478 2050 est.
525 1985 706 2050 Desiderata
719 1986 769 2048 diu
786 2007 844 2062 res,
857 1985 1098 2071 interpretatione
1114 1984 1179 2066 glo-

170 2068 277 2135 riae,in
293 2071 558 2142 mojmccnipirnr,
573 2089 682 2141 puarqu
664 2094 733 2120 ιιιιιιι
748 2071 899 2120 ‘'Gartm
891 2072 1046 2157 nnqgiues,
1063 2071 1180 2123 discur-

171 2143 224 2205 dia
237 2160 406 2226 temporum
424 2143 610 2219 subversas,
604 2166 632 2204 m
644 2144 784 2206 omuibus
794 2145 964 2242 municipiis
975 2145 1078 2206 recoli'
1091 2145 1180 2226 jussit

171 2228 342 2292 Antonius.
365 2229 509 2292 decorum
526 2250 580 2312 pro
591 2249 684 2292 causa
695 2243 788 2306 ratus,
800 2252 823 2292 st
816 2229 957 2311 'placere
971 2228 1075 2292 Galbae
1088 2227 1178 2294 Prin-

170 2315 287 2400 cipatus
302 2329 333 2378 et
350 2332 448 2397 partes
463 2316 646 2378 revirescere
661 2316 868 2380 crederentur.

215 2399 304 2470 Vill.
329 2400 498 2475 Qnaesitum
510 2401 617 2479 inde,‘
629 2423 694 2487 quae
707 2402 797 2466 sedes
809 2403 888 2465 bello
901 2401 1080 2486 legereturi’
1096 2400 1179 2466 ‘Ve-

171 2508 244 2552 rona
261 2488 365 2572 potior'
389 2490 461 2566 visa,
487 2490 675 2573 ‘patentibus
700 2488 814 2552 circirm
838 2490 953 2572 campis
980 2489 1016 2552 ad
1044 2509 1179 2572 pugnam
1244 2509 1246 2592 J

172 2575 366 2660 equestrem,'
384 2574 444 2660 quai
468 2577 688 2659 praevalebant:
710 2576 807 2652 simul,
832 2577 997 2638 ‘coloniam
1014 2576 1110 2658 copiis
1127 2595 1180 2638 va-

171 2661 274 2738 lidam,
287 2661 404 2724 auferre
421 2661 575 2738 Vitellio,
568 2685 597 2724 m
614 2684 677 2726 rem
695 2661 877 2746 famamque’
895 2663 1061 2726 videbatur.
1100 2661 1182 2726 Pos-

171 2769 253 2812 sessa
268 2749 331 2832 ipso
347 2749 469 2813 transitu
487 2747 622 2812 Vicetia:
647 2749 726 2834 quod
745 2770 798 2834 ρει
810 2771 842 2812 se
856 2771 959 2834 parum
974 2749 1099 2834 (etenim
1112 2770 1182 2812 mo-

171 2835 246 2898 dioae
264 2837 423 2918 municipio
441 2836 532 2919 vires)
547 2837 646 2920 magni
662 2837 804 2900 momenti
821 2836 920 2900 locum
937 2836 1073 2912 obtinuit,
1088 2856 1181 2919 repu

172 2923 338 2998 tentibus,‘
352 2923 410 2986 iilic
427 2922 582 2987 Caecinam
600 2923 743 3022 genitum,
760 2939 790 2987 et
806 2924 932 3006 patriam
949 2923 1079 2986 hostium
1096 2921 1181 2986 Duci

172 3009 331 3094 ereptam'
378 3009 411 3072 ln
427 3009 653 3074 Veronensibus
666 3011 793 3110 pretium
808 3009 880 3074 suit.
903 3009 1047 3094 exemplo
1058 3009 1184 3094 opibus-

174 3118 233 3196 que
257 3112 355 3182 partes
381 3096 501 3182 juvere.
556 3096 631 3161 Et'
625 3089 798 3183 interjectus
825 3097 978 3160 exercitus
1008 3118 1062 3181 per
1086 3094 1184 3184 Rbae

172 3183 242 3248 tiam
259 3183 415 3268 Juliasque
432 3185 543 3268 Alpes:
569 3205 615 3261 ac,
639 3207 677 3247 ne
701 3185 835 3270 pervium
852 3183 903 3248 itta
918 3183 1108 3246 Germanicis
1125 3177 1183 3246 eir-
1245 3187 1246 3192 ’

171 3271 314 3334 ercitibus
342 3269 428 3370 soret,
454 3272 649 3353 obsepserat:
687 3293 751 3356 quae
774 3271 877 3353 ignaro
903 3269 1103 3370 Vespasiano,
1131 3284 1185 3333 aut

173 3357 283 3421 vetita:
309 3357 422 3440 quippe
439 3357 645 3441 ‘Aquileia
623 3358 682 3422 ststi
700 3358 811 3421 bellum
827 3357 1045 3442 expectarique
1058 3355 1185 3418 Mucia-

172 3464 245 3506 num
248 3442 412 3526 'jubebat‚
440 3443 698 3529 adjiciebatque
690 3445 818 3527 imperio
843 3445 1011 3520 consilium,
1040 3443 1184 3527 ‘quando

172 3528 250 3630 AEgJ
248 3547 337 3613 ptus,
349 3531 477 3594 claustra
490 3553 625 3608 annonae,
638 3531 794 3609 vectioalia
806 3531 1098 3615 opulentissimarum
1112 3551 1185 3614 pro-

172 3617 335 3680 vinciarum
360 3619 572 3695 obtinerentur,
601 3640 689 3703 posse
711 3585 825 3682 Vitellii
851 3619 1019 3682 exercitum
1047 3631 1185 3698 egestate

173 3703 313 3787 stipendii
335 3703 534 3790 frumentique
551 3706 589 3768 ad
606 3705 791 3768 deditionem
806 3705 914 3787 subigi.
918 3704 926 3732 ’
972 3703 1092 3767 Eadem
1109 3701 1188 3766 Mu·

173 3789 277 3858 cianus
292 3793 405 3858 crebris
421 3793 553 3878 epistolis
575 3792 754 3870 monebat,‘
766 3792 952 3882 incruentam
969 3807 1000 3856 et
1013 3790 1077 3856 sine
1099 3789 1188 3854 luctu
