2508 4254
130 209 170 274 Δ.
186 209 225 275 C.
241 203 310 293 69.]
416 207 559 273 Hraaoa.
583 207 658 273 Lm.
682 207 848 274 Tanatus.
1074 207 1135 277 123
1230 239 1231 242 ¹

114 365 116 370 ¹
133 387 257 440 stratam
273 373 478 438 innocentium
501 374 633 438 caedibus
654 374 882 439 celeberrimam
899 376 979 440 urbis
998 391 1133 461 partem:

133 483 173 525 ne
195 461 338 546 capitolio
368 461 489 546 quidem
519 462 687 525 abstineri..
716 461 870 544 Togatam
902 485 1013 548 nempe
1036 485 1080 541 se,
1104 479 1135 528 et

133 569 227 612 unum
244 570 262 611 e
278 547 483 625 Senatoribus,
500 548 572 610 dum
594 549 671 612 inter·
687 545 908 633 Vespasianum
925 572 961 613 ae
978 549 1135 614 Vitellium

133 635 241 721 preliis
256 635 420 716 legionum,
435 635 657 718 captivitatibus
673 635 799 713 urbium,
813 637 1013 700 deditionibus
1027 639 1136 700 cohor·

133 723 208 785 tium
230 721 391 806 judicatur,
403 720 478 806 jam,
497 720 648 806 Hispaniis
671 720 902 808 Germaniisque
926 739 956 787 et
980 723 1136 788 Britannib

135 808 382 884 desciscentibus,
400 807 520 870 fratrent
539 806 718 892 Vespasiani
741 811 885 872 mansisse
905 811 934 872 in
950 812 1021 888 fide,
1037 813 1136 874 donec

134 894 215 960 ultrb
244 895 281 957 ad
311 895 497 958 conditiones
526 909 696 958 vocaretur.
741 894 856 959 Pacem
887 911 918 960 et
944 899 1135 960 concordiam

134 982 223 1046 victis
238 981 340 1044 utilia:
363 981 524 1044 victoribus
546 980 662 1044 tantiam
687 982 814 1064 pulchra
829 1005 907 1046 esse.
954 983 985 1047 Si
1002 1007 1136 1048 conven-

134 1069 223 1132 tionis
251 1068 406 1151 poeniteat,
433 1091 492 1130 non
519 1089 563 1145 se,
591 1089 681 1153 quem
707 1068 831 1152 perfidib
861 1070 1026 1152 deceperit,
1058 1071 1136 1134 serto

135 1169 264 1240 peteret,
284 1177 343 1217 non
364 1155 457 1219 filium
472 1153 662 1238 Vespasiani,
687 1155 737 1218 vix
762 1157 918 1238 puberem.
965 1156 1135 1235 Quantum,

135 1243 243 1306 occisis
259 1263 318 1304 uno
333 1263 406 1304 sene
422 1256 453 1306 et
475 1263 536 1304 uno
553 1240 680 1326 juvene,
697 1243 823 1325 profici?
847 1244 902 1308 iret
916 1244 1037 1307 obviam
1062 1245 1136 1327 legi-

136 1329 265 1406 onibus3
288 1343 318 1391 et
333 1329 372 1391 de
388 1327 507 1392 summai
528 1349 626 1390 rerum
650 1329 709 1391 illic
732 1344 882 1393 certaret:
905 1346 1006 1394 cetera
1029 1353 1138 1394 secun·

137 1415 210 1480 ditm
227 1429 369 1478 eventum
386 1415 478 1498 praelii
493 1414 636 1478 cessura!
683 1413 836 1498 Trepidus
860 1417 897 1480 ad
914 1419 978 1480 haec
995 1417 1136 1481 Vitellius

137 1523 234 1587 pauca
257 1502 402 1586 purgandi
425 1503 470 1564 sui
492 1501 584 1564 causb
607 1502 770 1586 respondit,
786 1503 907 1588 culpam
925 1505 975 1566 ‘in
999 1504 1135 1567 militem’

137 1587 306 1664 conserens,
326 1587 430 1674 ‘cnjus
456 1589 548 1651 nimio
575 1589 671 1651 ardori
695 1589 841 1671 imparem
867 1611 933 1652 esse
958 1591 1135 1652 modestiam

137 1675 245 1740 suam.²
291 1674 333 1738 Et
355 1675 470 1738 monuit
493 1675 675 1751 Martialem,
699 1681 753 1736 ‘ut
777 1697 830 1759 par
853 1693 998 1740 secretam
1030 1677 1137 1740 aedium

137 1777 253 1849 partem
279 1761 399 1826 occulte
423 1763 528 1840 abiret,
550 1784 588 1825 ne
611 1784 628 1824 a
651 1760 792 1824 militibus
815 1763 1014 1827 internuntius
1038 1764 1137 1827 invisae

138 1850 222 1934 pacis
252 1849 467 1912 interficeretur
480 1849 499 1911 :'
523 1849 588 1933 ipse
615 1869 714 1934 neque
736 1847 864 1933 jubendi
891 1871 991 1936 neque
1016 1851 1139 1913 vetandi

138 1951 256 2020 potens,
273 1957 331 1998 non
344 1935 406 2020 jam
424 1936 602 2020 Imperator,
617 1937 671 1998 sed
688 1935 802 1998 tantum
821 1937 890 1999 belli
906 1959 1008 2013 eausa,
1025 1953 1099 2000 erat.

144 2059 149 2066 -
182 2021 304 2085 LXXl.
330 2021 393 2086 Vix
417 2023 488 2085 dum
512 2043 647 2104 regresso
673 2023 701 2085 in
725 2023 897 2106 capitolium
922 2023 1070 2100 Martiale,
1092 2023 1139 2086 lu-

138 2130 208 2174 tens
224 2110 309 2172 miles
329 2109 442 2186 aderat,
467 2111 549 2173 nullo
568 2110 680 2173 Duce:
703 2109 757 2171 sibi
782 2111 908 2196 quisque
932 2127 1054 2175 auctor:
1077 2112 1139 2174 cito

138 2197 257 2279 agmine
274 2195 368 2258 scruta
382 2211 413 2259 et
424 2197 608 2260 imminentia
618 2196 682 2260 soro
693 2197 805 2280 templa
822 2199 1008 2281 praetervecti
1021 2198 1138 2278 erigunt

139 2283 235 2346 aciem
253 2304 307 2366 per
326 2284 485 2346 adversum
509 2285 631 2360 collem,
654 2305 750 2368 usque
766 2284 801 2345 ad
828 2288 936 2369 primas
959 2284 1138 2368 Capitoline

138 2371 213 2434 areis
242 2369 331 2432 sores.
387 2369 483 2434 Erant
511 2371 674 2456 antiquitbs
706 2370 838 2454 porticus
867 2373 895 2434 io
927 2373 1019 2434 latere
1055 2371 1136 2447 clivi,

139 2457 253 2520 dextrae
269 2457 485 2520 subeuntibus:
510 2458 538 2519 in
556 2479 679 2543 quarum
698 2473 810 2522 tectum
827 2459 938 2540 egressi
955 2458 1035 2520 saxis
1052 2473 1138 2536 tegn-

138 2544 234 2630 lisque
249 2543 429 2608 Vitellianos
451 2545 629 2608 obruebant.
674 2543 785 2628 Neque
801 2545 856 2607 illis
873 2565 989 2620 manus,
1005 2544 1059 2606 nisi
1076 2544 1139 2625 gla-

138 2630 195 2695 diis
209 2646 349 2694 armatae:
374 2646 405 2694 et
427 2652 579 2695 arcessere
602 2646 762 2710 tormenta,
780 2646 829 2694 aut
853 2633 973 2694 missilia
988 2631 1058 2705 tela,
1075 2631 1139 2692 lon-

139 2739 212 2800 gum
228 2717 395 2781 videbatur.
442 2717 540 2782 Faces
563 2719 591 2781 in
617 2720 835 2802 prominentem
853 2719 998 2801 porticum
1011 2715 1117 2802 jecere
1128 2739 1137 2794 ;

139 2817 170 2868 et
186 2805 389 2889 sequebantur
411 2805 533 2887 ignem3
556 2807 767 2890 ambustasque
790 2804 922 2887 capitolii
946 2802 1024 2866 sores
1045 2825 1138 2885 pene-

140 2889 281 2968 trbssent,
298 2892 326 2954 ni
344 2891 472 2955 Sabinus
488 2893 622 2956 revulsas
645 2893 777 2975 undique
800 2904 924 2966 statuas,
947 2889 1058 2952 decora
1078 2911 1140 2951 nra·

137 2977 250 3064 jurum,
266 2978 295 3040 in
310 2978 376 3060 ipso
391 2979 484 3056 aditu,
505 2980 571 3042 vice
588 2979 674 3055 muri,
687 2977 856 3062 objecisset.
902 2975 985 3036 Turn
1006 2975 1140 3038 diversos

140 3065 271 3149 capitolii
288 3065 385 3128 aditus
400 3067 556 3142 invadunt,
567 3065 657 3151 juxta
673 3064 773 3126 lucum
790 3063 876 3144 asyli,
889 3079 919 3124 et
936 3059 1140 3144 qodTarpeia

140 3173 232 3236 rupes
261 3167 383 3216 centum
406 3154 546 3234 gradibus
577 3152 684 3214 aditur.
730 3149 897 3232 lmprovisa
923 3161 1049 3231 utraque
1074 3149 1139 3226 vis;

141 3239 264 3323 propior
279 3254 369 3323 atque
393 3234 487 3303 acrior
502 3261 556 3324 per
571 3239 688 3322 asylum
705 3237 877 3318 ingruebat:
902 3255 958 3296 nec
974 3234 1036 3297 sisti
1054 3249 1140 3317 pote·

140 3340 208 3390 rant
222 3326 401 3390 scandentes
425 3348 478 3410 per
499 3325 659 3411 conjuncta
683 3323 824 3387 aedilicia:
847 3343 923 3405 que,
940 3337 971 3385 nt
993 3321 1021 3384 in
1046 3322 1141 3386 multia

143 3433 232 3498 pace,
249 3412 277 3476 in
294 3412 387 3475 altum
404 3414 496 3489 edita,
515 3413 610 3475 solum
627 3410 760 3494 capitolii
781 3410 948 3494 aequabant.
996 3406 1056 3470 Hic
1078 3431 1142 3472 am·

142 3498 262 3582 bigitau,
285 3501 386 3582 ignem
412 3501 499 3566 tectis
522 3513 745 3582 oppugnatores
770 3494 937 3580 injecerint,
955 3517 991 3556 an
1016 3496 1141 3573 obsessi,

142 3607 209 3671 qnae
224 3587 357 3650 crebrior
373 3586 451 3649 lama
467 3601 522 3661 est,
540 3584 600 3670 qub
622 3585 751 3645 nitentes
768 3603 802 3644 ac
821 3603 991 3666 progressos
1008 3581 1144 3665 depelle·

142 3685 220 3736 rent.
267 3671 342 3736 Inde
357 3672 458 3758 lapsus
474 3673 549 3755 ignis
564 3673 592 3734 in
606 3671 735 3756 porticus
745 3670 897 3753 appositas
913 3668 1045 3733 aedibus:
1070 3689 1143 3732 mox

142 3761 326 3826 sustinentes
338 3757 487 3846 fastigium
499 3759 604 3845 aquilae
616 3771 718 3822 vetere
730 3756 812 3842 ligno
823 3769 979 3820 traxerunt
991 3754 1144 3818 flammam
