2514 4318
120 155 186 220 210
447 149 490 216 0.
511 149 618 216 Coun.
641 150 795 218 Tacitus

122 327 242 380 ceteros
257 313 439 392 Germanos,
453 313 483 378 iu
500 315 682 400 promiscuo,
698 315 753 380 sed
763 316 867 382 clausa
881 318 938 382 sub
948 319 1082 385 custode
1098 333 1135 386 et

124 401 248 552 duddan
278 422 389 464 servo:
416 401 485 486 quia
515 402 629 464 subitos
659 404 791 468 hostiurn
824 405 960 468 incursus
989 407 1140 490 prohibet

176 508 280 564 canus,
303 487 404 550 otiose
421 505 511 570 porro
526 503 706 552 armatorum
722 511 827 554 manus
842 489 929 554 facile
947 492 1109 556 lasciviunt
1125 515 1136 556 ε

123 575 279 638 enimvero
294 593 393 658 neque
408 573 551 650 nobilem,
577 595 677 658 neque
700 576 876 658 ingenuum,
901 599 941 640 ne
955 577 1135 642 libertinum

124 660 258 745 quidem,
275 661 364 724 armis
380 680 554 743 praeponere
566 659 667 742 Regia
681 662 792 725 utilitas
808 677 865 727 est.

168 743 271 808 XLV.
295 743 395 808 Trans
411 735 539 810 Suidfras
554 747 634 808 aliud
650 767 744 823 mare,
767 748 884 832 pigrum
901 768 937 810 ac
960 749 1056 833 prope
1073 749 1134 814 im·

123 846 251 907 motum,
279 852 339 915 quo
363 832 443 914 cingi
469 831 610 914 cludique
636 845 780 896 terrarum
804 834 908 896 orbem
936 834 1133 914 hinc-lides;

124 917 205 1002 qudd
222 931 377 980 extremus
402 917 537 982 cadentis
559 915 623 1002 jam
648 919 719 982 solis
743 917 841 1000 fulgor
863 920 894 982 in
917 933 1000 983 ortos
1023 921 1133 984 edurat

124 1003 203 1068 adeo
217 1003 327 1079 clarus,
351 1017 383 1066 ut
407 1003 505 1066 sidera
521 1004 665 1082 hebetet3
687 1019 795 1068 sonum
810 1005 933 1089 insuper
947 1005 1053 1083 audiri,
1070 1005 1133 1071 for·

124 1111 250 1175 masque
266 1089 405 1155 Deorum
430 1105 461 1153 et
483 1089 580 1152 radios
595 1091 701 1172 capitis
718 1091 822 1174 aspici,
845 1093 999 1176 persuasio
1014 1091 1132 1177 adjicit.

123 1176 201 1240 Illuc
217 1197 312 1260 usque
330 1175 466 1260 (etfama
483 1175 568 1254 vera)
585 1175 700 1238 tannim
717 1191 833 1240 natura.
878 1175 963 1260 Ergo
974 1177 1039 1262 jam
1054 1179 1133 1242 dex·

124 1276 171 1326 tro
186 1262 309 1326 Suevici
330 1263 418 1325 maris
434 1263 533 1326 littore
548 1261 727 1344 AEstyorum
743 1277 849 1344 gentes
872 1264 1040 1326 alluuntur:
1065 1265 1133 1348 qui-

124 1349 182 1412 bus
194 1350 268 1412 ritus
281 1349 461 1434 habitusque
477 1349 646 1411 Suevorum
659 1371 667 1425 ;
691 1350 791 1431 lingua
803 1347 985 1412 Britannicae
999 1351 1132 1433 propior.

127 1433 261 1499 Matrem
279 1434 384 1498 Derim
412 1450 610 1498 venerantur:
642 1435 758 1516 insigne
773 1437 1001 1520 superstitionis,
1024 1435 1136 1500 formas

127 1542 269 1606 aprorum
285 1534 414 1605 gestant.
460 1520 495 1583 Id
521 1543 574 1603 pro
589 1522 677 1584 almis
693 1523 836 1605 omnique
855 1521 967 1586 tuteli:
991 1543 1133 1586 securum

39 1619 106 1674 ‚s
127 1607 205 1671 Deae
232 1609 379 1670 cultorem
404 1608 495 1670 etiam
518 1609 596 1671 inter
622 1608 725 1670 hostos
753 1621 882 1690 praestat.
928 1607 1029 1670 Rarus
1052 1607 1134 1685 ferri,

128 1692 270 1778 frequens
285 1692 406 1756 fustium
423 1715 503 1757 usus.
550 1692 718 1756 Frumenta
739 1707 920 1777 ceterosque
943 1693 1056 1758 fructus
1080 1715 1135 1778 pa·
1218 1691 1219 1750 ἶ

128 1779 260 1854 tientiiis,
286 1779 376 1862 qudm
403 1801 458 1862 pro
481 1778 569 1842 soliti
592 1777 815 1842 Germanorum
842 1779 959 1857 inertia,
986 1781 1134 1844 laborant.

131 1867 194 1930 Sed
210 1880 339 1928 comare
355 1879 535 1942 scrutantur,
560 1887 595 1928 ac
621 1866 676 1928 soli
702 1867 836 1928 omnium
858 1867 1027 1942 succinum,
1052 1867 1133 1951 quod

129 1952 186 2036 ipsi
206 1949 330 2014 (ilerum
344 1966 464 2027 vocant,
480 1953 557 2013 inter
572 1951 648 2014 vada
665 1966 755 2035 atque
777 1952 805 2014 in
822 1953 888 2036 ipso
903 1952 1002 2016 littore
1019 1954 1134 2034 legunt.

131 2036 211 2114 Nec,
224 2058 290 2122 quae
306 2051 421 2112 natura,
438 2058 543 2120 quaeve
558 2038 635 2100 ratio
649 2039 763 2120 gignat,
776 2053 809 2102 ut
825 2038 968 2113 barbaris,
978 2037 1135 2122 quaesitum
1218 2075 1219 2078 κ

129 2141 370 2208 compertumvc.
416 2121 479 2186 Diu
495 2124 566 2207 quio
590 2126 681 2186 etiam
708 2125 785 2188 inter
807 2137 909 2188 cetera
934 2123 1135 2208 ejectamenta

129 2213 220 2276 maris
232 2209 365 2296 jacebat,
389 2209 486 2272 donec
502 2211 620 2274 luxuria
636 2225 734 2274 nostra
751 2210 834 2274 dedit
849 2232 979 2272 nomen:
1010 2210 1081 2292 ipsis
1103 2209 1134 2274 in

131 2299 214 2362 nullo
230 2318 304 2359 usu:
327 2295 401 2358 rude
416 2296 535 2377 legitur,
551 2295 678 2358 informe
694 2295 850 2379 perfertur,
873 2297 1064 2380 pretiumque
1079 2296 1135 2360 mi·
1218 2369 1219 2376 ἵ

132 2399 232 2448 rantes
246 2383 408 2466 accipiunt.
454 2381 587 2444 Succum
611 2396 712 2444 tamen
733 2384 872 2446 arborum
888 2403 954 2444 esse
978 2381 1136 2464 intelligas,
1218 2383 1219 2396 ¹

133 2471 202 2554 quia
218 2484 335 2532 terrena
347 2467 483 2552 quedam
495 2481 586 2552 atque
602 2468 692 2530 etiam
704 2468 835 2531 volucria
851 2468 990 2530 animalia
1007 2468 1136 2551 plerum·

134 2575 193 2639 que
209 2553 399 2629 interlucent,
427 2575 491 2638 quae
515 2554 667 2636 implicata
689 2554 825 2630 humore,
849 2575 933 2629 mox,
957 2555 1135 2619 durescente

134 2639 269 2714 materiis,
285 2639 457 2702 cluduntur.
503 2638 707 2702 Foecundiora
730 2640 819 2720 igitur
841 2661 964 2704 nemora
980 2641 1133 2724 lucosque,

135 2727 210 2792 sicut
233 2725 367 2788 Orientis
382 2727 516 2801 secretis,
539 2727 589 2788 ubi
615 2727 700 2788 thura
717 2725 910 2809 balsamaque
925 2726 1078 2803 sudantur,
1096 2727 1135 2790 ita

135 2812 310 2878 Occidentis
326 2812 428 2876 insulis
441 2813 586 2896 terrisque
609 2813 719 2886 inesse,
745 2812 944 2888 crediderim3
967 2833 1033 2896 qun
1048 2813 1134 2876 vicini
1169 2875 1170 2881 χ

135 2901 206 2966 solis
222 2899 310 2962 radiis
326 2920 471 2982 expressa
486 2914 576 2982 atque
592 2898 736 2981 liquentia
759 2898 787 2960 in
810 2899 981 2982 proximum
998 2919 1079 2962 mare
1093 2899 1134 2962 la·

134 2988 257 3064 buntur,
284 3007 319 3049 ac
349 2985 376 3048 vi
401 2999 617 3068 tempestatum
644 2985 673 3046 in
691 2985 824 3047 ·-adversa
848 2985 945 3047 littora
969 2985 1132 3050 exundant.

137 3073 171 3138 Si
187 3091 321 3137 naturam
338 3073 450 3134 succini
467 3071 589 3134 admoto
602 3071 670 3150 igne
686 3085 794 3147 tentes,
806 3071 835 3132 in
849 3071 971 3134 modurn
989 3071 1070 3134 taedae
1085 3092 1133 3134 ac·
1218 3127 1219 3134 ,

135 3162 285 3236 cenditur,
297 3160 407 3246 alitque
424 3158 576 3220 flammam
594 3158 735 3239 pinguem
752 3171 783 3222 et
798 3157 948 3220 olentem:
974 3179 1046 3220 mox
1061 3158 1133 3222 utin

135 3247 236 3331 picem
250 3246 418 3308 resinamve
431 3245 580 3308 lentescit.
616 3243 777 3307 Suionibus
789 3231 928 3306 Sitd'num
945 3259 1052 3324 gentes
1066 3265 1133 3308 con·

136 3335 300 3398 tinuantur.
346 3329 460 3394 Cetera
476 3331 598 3404 similes,
614 3353 674 3392 uno
690 3330 842 3407 differunt,
853 3329 932 3414 quiid
950 3330 1131 3394 foeminado-

137 3421 287 3482 minatur:
310 3417 339 3480 in
356 3431 470 3480 tantum
487 3439 546 3480 non
562 3417 654 3480 modo
670 3438 686 3478 a
703 3416 851 3495 libertate,
866 3418 919 3480 sed
936 3418 1026 3480 etiam
1043 3437 1132 3482 aser·

137 3505 232 3568 vitute
249 3504 442 3585 degenerant.
517 3531 521 3542 ·

181 3589 306 3658 XLVI.
332 3589 392 3654 Hic
408 3589 528 3654 Suevite
542 3590 617 3654 finis.
664 3588 867 3654 Peucinorum
882 3588 1132 3676 Venedorumque

138 3691 169 3744 et
184 3677 360 3744 feudorum
376 3677 512 3740 nationes
528 3675 688 3770 Gernrgnis
700 3699 738 3742 an
754 3676 899 3742 Sarmatis
910 3677 1068 3756 ascribam,
1082 3673 1131 3742 dd
