2508 4254
95 203 157 267 116
430 201 471 268 C.
495 196 605 267 Coras.
629 199 754 266 Taum
897 201 951 286 [A.
961 200 1005 266 U.
1018 205 1096 266 822.

137 364 226 429 LVl.
251 364 450 430 concionanti
468 366 685 452 (prodigiosum
705 366 801 448 dictu)
817 367 931 430 tantum
947 365 1095 429 loedarmn

95 453 251 516 volucrum
273 454 510 536 supervolitavit,
533 467 566 514 ut
593 453 672 516 nube
695 451 760 514 aua
781 451 861 515 diem
884 453 1095 516 obtenderent·

94 539 232 602 Accessit
256 539 352 602 dirum
377 560 478 615 omen,
506 538 647 621 profugus
673 539 814 602 altaribus
833 552 944 615 taurus,
968 539 1095 625 disjecto

94 625 228 688 sacrificii
244 639 401 709 apparatu,
428 624 528 706 longis,
555 647 612 688 nec
638 625 688 688 ubi
714 623 790 688 serici
814 625 924 687 hostias
949 647 1013 688 mos
1036 640 1094 702 est,

93 709 260 775 consessus.
306 711 369 774 Sed
393 713 574 794 praecipuum
599 712 663 794 ipse
677 709 818 774 Vitellius
844 727 995 774 ostentum
1020 726 1094 790 erat,

94 798 213 880 ignarus
236 796 356 873 militias,
380 797 564 880 improvidus
588 797 722 874 consilii3
753 797 838 881 ‘quis
860 799 934 860 ordo
958 799 1095 880 agminis,

95 905 160 968 que
185 903 258 956 eura
280 883 467 967 explorandi,
491 897 620 968 quantus
645 883 779 965 urgendo
803 883 988 946 trahendove
1014 885 1096 947 hello

94 969 223 1045 modus,'
240 968 313 1032 alios
328 969 469 1050 rogitans,
496 985 527 1031 et
550 968 587 1031 ad
607 991 713 1032 omnes
729 970 858 1046 nuntios,
875 971 957 1032 vultu
975 967 1096 1056 quoque

95 1069 126 1119 et
142 1056 259 1118 incessu
275 1055 420 1136 trepidus,
432 1055 500 1117 dein
517 1056 710 1118 temulentus.
756 1055 917 1118 Postremo
932 1059 1019 1120 taedio
1029 1079 1097 1120 cas·

95 1157 219 1218 trorum,
232 1155 263 1204 et
278 1139 380 1204 auditi
392 1133 561 1204 desectione
578 1141 760 1205 Misenensis
775 1142 889 1219 classis,
900 1140 1032 1206 Romam
1049 1164 1097 1206 re-

96 1230 195 1303 vertit,
219 1227 456 1290 recentissimum
473 1227 613 1312 quodque
630 1229 738 1290 vulnus
763 1249 887 1312 pavens,
911 1230 1021 1292 summi
1037 1229 1097 1294 dis-

94 1314 225 1378 criminis
241 1314 415 1376 incuriosus.
461 1313 553 1390 Nam,
569 1313 638 1376 crim
655 1315 820 1396 transgredi
834 1316 1038 1398 Apenninum,
1051 1317 1096 1379 in-

95 1417 181 1483 tegro
196 1399 348 1463 exercitris
362 1401 406 1462 sui
432 1400 548 1476 robore,
573 1415 602 1462 et
625 1398 718 1462 sessos
744 1401 855 1484 hyeme
882 1415 972 1486 atque
995 1401 1096 1486 inopia

95 1489 198 1551 hostes
213 1487 346 1570 aggredi,
370 1487 398 1549 in
423 1502 525 1570 aperto
541 1486 638 1566 soret3
661 1487 733 1549 dum
749 1488 893 1569 dispergit
910 1490 997 1564 vires,
1013 1509 1097 1551 acer·

94 1575 202 1638 rimum
220 1574 356 1651 militem,
372 1587 402 1636 et
419 1573 557 1660 usquein
581 1586 718 1635 extrema
734 1573 926 1650 obstinatum,
947 1575 1097 1638 trucidan-

95 1661 167 1726 dum
183 1661 425 1745 capiendumque
446 1659 575 1736 tradidit,
600 1659 783 1742 peritissimis
799 1658 1020 1723 Centurionum
1036 1662 1097 1724 dis-

95 1748 303 1823 sentientibus,
327 1761 368 1823 et,
391 1747 415 1810 si
441 1747 678 1820 consulerentur,
704 1765 773 1808 vera
790 1746 922 1808 dicturis.
960 1747 1096 1811 Arcudre

95 1855 148 1898 eos
164 1833 257 1897 intimi
274 1834 437 1896 amicorum
453 1831 578 1909 Vitellii,
600 1833 639 1896 ita
654 1830 786 1894 formatis
803 1831 951 1916 Principis
967 1834 1096 1912 auribus,

96 1935 129 1983 ut
144 1919 262 2004 aspere,
278 1941 343 2004 quae
358 1919 452 1996 utilia,
464 1940 522 1983 nec
534 1919 706 2004 quicquam,
719 1919 772 1981 nisi
783 1917 952 2003 jucundum
968 1935 999 1982 et
1011 1921 1097 1984 lesu-

96 2028 173 2081 rum,
192 2007 354 2089 acciperet.

140 2090 245 2154 LVll.
269 2091 330 2154 Sed
353 2091 481 2154 classem
508 2090 712 2154 Misenensem
738 2093 868 2178 (tantum
884 2092 1021 2156 civilibus
1037 2093 1096 2157 dis·

95 2179 204 2244 cordiis
220 2177 310 2240 etiam
326 2179 508 2262 singulorum
526 2179 650 2242 audacia
666 2179 763 2262 valet)
788 2178 937 2242 Claudius
952 2179 1097 2243 Faventi-

94 2287 162 2343 nus,
178 2263 336 2340 Centurio,
355 2285 408 2347 per
423 2265 615 2344 ignominiam
631 2287 647 2328 a
661 2263 761 2328 Galbia
776 2266 925 2344 dimissus,
941 2267 977 2329 ad
995 2267 1097 2330 delec-

94 2354 207 2418 tionem
223 2351 324 2426 traxit,
340 2351 415 2413 lictis
432 2350 610 2436 Vespasiani
627 2353 762 2436 epistolis
778 2353 905 2434 pretium
924 2353 1097 2436 proditionis

93 2451 257 2504 ostentans.
303 2435 435 2500 Praerat
449 2437 536 2500 classi
552 2436 700 2501 Claudius
710 2439 902 2523 Apollinaris,
913 2461 1012 2524 neque
1025 2441 1096 2504 fidei

94 2540 245 2601 constans,
255 2545 355 2609 neque
366 2539 505 2587 strenuus
517 2525 545 2587 in
562 2523 687 2608 perfidia
699 2547 706 2588 :
731 2540 762 2587 et
774 2525 905 2609 Apinius
916 2525 1002 2603 Tiro,
1014 2526 1097 2591 Pras·

95 2611 163 2677 turia
178 2611 307 2688 functus,
330 2631 366 2673 ac
381 2625 444 2674 tum
466 2609 541 2673 forte
557 2610 718 2674 Minturnis
733 2633 836 2692 agens,
853 2611 974 2675 Ducem
993 2635 1027 2676 se
1042 2613 1096 2676 de·

94 2697 256 2764 sectoribus
272 2697 395 2762 obtulit:
420 2719 437 2760 a
454 2697 560 2782 quihus
573 2698 931 2783 municipiacoloniaaque
947 2699 1094 2782 impulse,

95 2786 247 2872 praecipuo
262 2783 497 2847 Puteolanorum
510 2783 539 2846 in
554 2782 775 2867 Vespasianum
792 2785 901 2861 studio,
912 2785 1018 2848 contra
1033 2785 1097 2849 Ca·

94 2872 157 2958 pud
173 2870 298 2934 Vitellio
312 2870 383 2948 fida,
399 2870 612 2954 municipalem
629 2871 848 2933 aemulatiooem
862 2871 948 2934 bellis
959 2873 1097 2936 civilibus

94 2959 271 3024 miscebant.
319 2956 460 3022 Vitellius
476 2956 641 3020 Claudium
656 2956 810 3019 lulianum
836 2959 875 3042 (is
898 2979 996 3040 nuper
1017 2959 1098 3021 elas-

93 3069 157 3110 sem
175 3045 381 3108 Misenensem
394 3045 476 3108 molli
492 3044 618 3126 imperio
633 3041 769 3127 rexerat)
784 3044 1006 3128 permulcendis
1019 3046 1096 3108 mili-

94 3149 158 3198 tum
175 3133 279 3195 animis
295 3132 425 3214 delegit:
450 3131 519 3192 data
534 3131 564 3193 in
580 3130 725 3194 auxilium
742 3131 855 3192 urbana
870 3131 977 3194 cohors
990 3147 1020 3193 et
1032 3132 1096 3214 gla-

94 3221 235 3294 diatores,
265 3219 372 3302 quibus
395 3217 533 3279 Julianus
559 3231 694 3300 praerat.
740 3215 784 3279 Ut
810 3217 920 3279 collata
946 3219 1096 3302 utrimque

93 3321 201 3381 castra,
224 3304 303 3366 haud
328 3302 438 3386 magnai
459 3303 651 3372 cunctatione
666 3301 787 3366 Juliano
809 3303 838 3366 in
863 3318 963 3387 partes
978 3303 1095 3388 Vespa·

94 3393 167 3460 siani
196 3406 390 3472 transgresso,
414 3387 611 3452 Tarracinam
635 3388 836 3474 occupavere,
859 3391 1008 3454 moenibus
1023 3393 1096 3454 situ·

95 3501 154 3567 que
171 3474 276 3560 magis,
295 3475 384 3560 quim
401 3476 532 3560 ipsorum
549 3477 669 3560 ingenio
684 3491 789 3540 tutam.

138 3562 257 3630 LVlll.
281 3561 359 3636 Quae
374 3563 424 3625 ubi
443 3561 568 3626 Vitellio
590 3563 719 3645 cognita,
747 3577 833 3646 parte
857 3563 1011 3646 copiarum
1029 3562 1094 3628 Na·

92 3657 168 3720 rinae
189 3671 258 3714 cum
275 3648 430 3713 Praelectis
446 3649 579 3714 Praetorii
593 3648 709 3726 relicta,
735 3648 774 3712 L.
791 3648 945 3712 Vitellium
963 3648 1093 3728 fratrem,

92 3763 162 3808 cum
184 3759 239 3802 sex
261 3736 433 3801 cohortibus
449 3752 479 3800 et
495 3737 664 3822 quingentis
680 3736 841 3821 equitibus,
868 3737 1015 3821 ingruenti
1041 3757 1096 3822 per

1241 201 1243 304 l

1233 2713 1243 2942 l

1229 2943 1243 3026 l
