2556 4446
408 359 453 404 on
476 339 696 407 Omoemus
719 338 902 410 Dumana.
1093 341 1158 406 27³

155 505 220 582 viri,
236 504 259 568 si
275 516 327 568 aut
342 524 395 568 vos
409 503 555 587 prioribus
576 502 702 580 senuiis,
719 517 769 568 aut
784 505 934 589 istisquos
948 505 1100 584 miramur,
1112 507 1159 573 his

156 592 218 656 nati
233 605 345 667 essent,
370 609 404 652 ao
427 589 514 654 Deus
529 586 634 675 aliquis
650 592 725 653 viras
740 605 864 671 vestras,
888 606 985 653 vestra
1009 605 1157 675 tempora,

156 678 283 762 repentia
299 674 454 752 munisset,
467 697 524 740 nec
536 677 750 746 nobiseumma
762 677 811 738 illa
823 677 888 740 iaus
904 691 935 740 et
946 677 1038 758 gioria
1053 678 1081 738 in
1095 679 1158 742 elo·

179 763 291 839 uentiri,
314 783 414 846 neque
438 762 495 824 illis
518 762 626 826 modus
649 776 680 826 et
704 777 986 846 temperamentum,
1003 762 1157 835 defuisset.

157 786 260 924 Mune,
281 850 420 932 quoniam
437 863 528 910 nemo
543 849 651 910 eodem
668 863 805 931 tempore
826 849 943 933 assequi
959 865 1057 933 potest
1074 871 1158 933 mag-

156 956 227 998 nam
243 933 353 996 samam
375 948 406 997 et
429 955 568 1016 magnam
584 935 726 1018 quietem,
750 934 829 997 bono
844 935 943 998 saeculi
959 937 1004 999 sui
1020 937 1157 1022 quisque,

51 1083 53 1088 .
156 1021 229 1086 eitra
244 1021 491 1083 obtrectationem
507 1021 636 1097 alterius,
653 1035 762 1086 utatur.
815 1040 820 1050 ’

176 1105 307 1171 'XLIL
333 1105 467 1170 Finierat
484 1105 650 1172 Maternus.
697 1105 780 1167 Turn
798 1105 947 1170 Messala:
980 1110 1158 1193 erant,‘qui-

156 1193 213 1258 bus
228 1192 485 1268 contradicerem
508 1197 604 1267 erant,
620 1193 658 1254 de
671 1192 778 1276 quibus
791 1193 876 1272 plura
892 1193 948 1254 dici
965 1194 1084 1270 veliem,
1102 1197 1156 1258 nisi

153 1279 217 1365 jam
233 1280 298 1342 dies
310 1293 389 1341 esset
400 1293 537 1340 exactus.
573 1277 655 1354 Fiet,
667 1279 760 1362 inquit
775 1277 945 1362 Maternus,
962 1293 1064 1362 postea
1080 1281 1157 1345 arbi·

75 1374 77 1380 '
158 1380 236 1429 tratu
251 1380 312 1441 tuo,
336 1365 404 1428 etsi
421 1386 480 1449 que
495 1364 547 1442 tibi
571 1361 697 1428 obseura
721 1365 749 1428 in
776 1365 833 1426 hoc
854 1385 925 1427 meo
939 1387 1077 1431 sermone
1094 1368 1157 1432 v-isa

157 1465 237 1528 sunt,
261 1451 300 1512 de
327 1450 372 1512 his
398 1470 498 1514 rursus
519 1450 722 1521 conferemus.
760 1451 807 1514 Ae
833 1451 920 1513 simui
943 1473 1100 1533 assurgens
1126 1470 1157 1520 et

157 1538 277 1621 Aprum
293 1537 493 1619 complexus,³
508 1537 588 1620 Ego,
611 1539 716 1622 inquit,
731 1549 762 1598 te
778 1537 891 1620 poetis3
923 1535 1065 1612 Messala,
1081 1541 1157 1611 anti-

159 1623 279 1708 quariis,
295 1623 525 1686 criminabimur.
563 1623 606 1686 At
621 1643 679 1704 ego
700 1642 752 1688 vos
773 1621 940 1691 rhetoribus
956 1637 986 1688 et
1001 1623 1157 1694 scholasti·

158 1708 331 1790 eis‚inquit.

202 1791 284 1862 Cium
298 1791 470 1876 arrisissent,
488 1790 688 1867 discessimus,
728 1801 730 1806 '
