2484 4316
111 192 173 256 142
406 187 446 252 C.
470 188 580 254 Coae.
604 188 728 252 Taeter
768 279 781 296 .
898 189 954 273 [A.
972 188 1013 264 U.
1030 192 1108 255 822.

109 358 212 440 giones
239 355 462 439 procubuerint.
509 354 665 418 Servirent
688 353 775 436 Syria
791 353 926 438 Asiaque
949 367 979 417 et
1006 367 1110 418 suetus

110 443 247 525 Regibus
263 441 393 504 Oriens:
419 441 528 504 multos
543 441 676 502 adbuc
669 463 697 502 rn
721 439 864 502 Gallia
839 463 950 517 vivere,
974 457 1043 505 ante
1059 443 1110 504 tri·

109 531 182 594 buta
198 529 323 611 genitos.
369 527 477 626 Nuper
499 526 593 602 certe,
617 549 694 590 caeso
710 524 860 599 Quintilio
875 526 968 604 Varo,
993 529 1109 610 pulsam

111 639 128 680 e
154 613 318 680 Germania
340 616 525 678 servitutem.
572 613 640 676 Neo
661 611 817 676 Vitellium
843 614 1029 698 Principem,
1055 615 1109 678 sed

111 702 265 767 Caesarem
290 701 462 783 Augustum
488 701 567 764 bello
589 715 795 786 provocatum.
844 698 1031 764 Libertatem
1059 723 1112 764 na·

110 789 187 866 tura,
211 790 302 852 etiarn
317 789 407 852 mutis
422 788 607 863 animalibus,
631 787 742 850 datam.
790 784 940 850 Virtutem
957 789 1110 888 proprium

108 877 264 940 homiuum
282 876 405 938 bonum.
450 874 535 937 Deos
552 873 720 936 fortioribus
735 872 853 936 adesse.
889 873 1022 936 Proinde
1039 875 1110 938 arri-

111 979 218 1048 perent
234 963 321 1026 vacui
336 979 511 1044 occupatoS,
528 961 632 1042 integri
649 959 760 1022 Iessos:
792 960 864 1022 dum
881 961 930 1022 atii
947 959 1111 1044 Vespasia·

110 1071 193 1124 num,
210 1049 257 1112 alii
272 1047 434 1124 Vitellium,
451 1047 582 1124 foveant,
596 1061 698 1132 patere
714 1047 814 1108 locum
831 1047 975 1112 adversus
995 1065 1111 1112 utrum·
1115 1089 1116 1092 =

133 1135 194 1196 ue.'

110 1157 131 1220 q
153 1219 276 1284 XVIII.
301 1220 375 1283 Sic
368 1241 397 1284 m
414 1218 529 1282 Gallias
552 1219 817 1303 Germaniasque
810 1233 952 1297 intentus,
979 1244 1002 1284 st
994 1220 1111 1284 desti·

109 1322 179 1372 nata
206 1308 425 1392 provenissent,
450 1307 693 1370 validissimarum
719 1307 990 1390 ditissimarumque
1016 1309 1111 1372 natio-

110 1417 181 1458 num
207 1416 299 1478 regno
326 1394 510 1457 imminebat.
548 1395 591 1457 At
616 1393 748 1457 Flaccus
774 1392 969 1458 Hordeonius
999 1395 1110 1478 primos

111 1481 218 1546 Civilis
244 1496 368 1569 conqtus
392 1503 445 1564 per
468 1475 733 1544 dissimulationem
757 1480 840 1542 aluit
886 1479 982 1544 Ubi‘
993 1503 1111 1565 expug-

109 1583 180 1634 nata
201 1584 308 1646 castra,
312 1552 453 1632 deletas
476 1569 625 1644 cobortes,
657 1567 775 1666 pulsum
801 1567 985 1630 Batavorum
1014 1567 1111 1632 insula

111 1655 287 1720 Romanum
316 1655 450 1731 nonien‚'
476 1654 582 1738 trepidi
607 1655 699 1717 nuntii
723 1655 899 1731 afferebant,
926 1653 1110 1718 Mummium

110 1740 298 1826 Lupercum,
323 1741 485 1826 Legatum,
511 1742 549 1825 (is
565 1741 691 1804 duarum
706 1740 859 1824 legionum
876 1741 1016 1825 hybernis
1037 1763 1111 1825 pra-

112 1834 190 1911 erat)
215 1829 339 1910 ‘egredi
355 1828 498 1892 adversirs
515 1827 643 1890 hostem'
655 1827 752 1913 jubet.
798 1826 956 1912 Lupercus
978 1827 1111 1909 legiona-

109 1915 168 1978 rios
184 1935 201 1976 e
218 1915 422 1996 presentibus,
445 1914 542 1978 Ubios
557 1937 574 1978 e
591 1915 746 2000 proximis,
762 1913 966 1978 Treverorum
982 1916 1110 1999 equiteS,

110 2000 191 2063 lraud
215 2000 305 2100 longe
330 2015 453 2084 agentes
477 2002 584 2086 raptim
611 2002 780 2078 transmisit,
805 2001 909 2064 addita
923 2001 1110 2066 Batavorum

110 2087 167 2188 313,
185 2109 250 2170 quae
261 2086 324 2172 jam
342 2087 457 2170 pridem
472 2103 623 2187 corrupta,
640 2088 729 2152 fidem
745 2088 913 2166 simulabat,
929 2103 972 2166 ut,
989 2089 1111 2173 proditis

109 2174 139 2238 in
155 2173 222 2257 ipsa
237 2175 300 2236 acie
317 2174 474 2252 Romanis,
491 2175 602 2260 majore
618 2175 715 2259 pretio
731 2173 858 2256 sugeret.
905 2173 1022 2252 Civilis,
1038 2197 1112 2260 cap·

109 2279 206 2326 tarum
231 2262 441 2325 cohortium
419 2263 510 2344 signis
533 2261 746 2336 circumdatus,
773 2275 806 2324 ut
832 2282 888 2324 suo
904 2262 988 2326 militi
1003 2283 1111 2326 recens

110 2348 203 2431 glorIa
218 2363 286 2412 ante
312 2348 426 2424 oculos,
450 2363 482 2411 et
507 2349 608 2410 hostes
632 2347 777 2410 memoria
801 2347 896 2411 cladis
918 2363 1110 2424 terrerentur,

109 2449 237 2498 matrem
253 2455 336 2498 suam
352 2443 540 2518 sororesque,
563 2435 651 2498 simul
675 2435 809 2498 omnium
827 2433 972 2519 conjuges
988 2455 1111 2534 parvos

110 2543 169 2606 que
190 2521 310 2596 liberos,
325 2520 490 2584 consistere
506 2543 523 2584 a
539 2535 624 2602 tergo
635 2520 743 2606 J‘ubet:
766 2521 952 2586 hortamenta
969 2521 1110 2598 victorie,

109 2607 158 2670 vel
176 2607 267 2690 pulsis
276 2606 441 2706 pudorem.
487 2605 532 2670 Ut
556 2609 685 2670 virorum
709 2623 810 2684 cantu,
835 2606 1024 2672 soeminarum
1042 2607 1111 2670 ulu-

108 2694 182 2770 latu,
198 2694 296 2756 sonuit
311 2693 400 2768 acies,
416 2693 605 2778 nequaquam
627 2716 681 2777 par
703 2716 721 2756 a
743 2695 910 2776 legionibus
924 2695 1111 2758 cohortibus·

110 2802 169 2866 que
185 2780 318 2842 redditur
339 2779 463 2842 clamor.
510 2779 723 2844 Nudaverat
701 2783 851 2844 sinistrum
866 2803 958 2844 cornu
975 2781 1111 2844 Batavo-

108 2889 174 2931 rum
192 2867 239 2930 ala
254 2865 461 2948 transfugiens,
481 2867 641 2952 statimque
657 2871 685 2930 in
703 2890 757 2931 nos
772 2889 878 2932 versa:
900 2869 954 2931 sed
976 2868 1112 2950 legiona-

109 2956 169 3020 rius
193 2955 288 3031 miles,
314 2975 483 3038 quanquam
500 2954 588 3016 rebus
609 2955 742 3038 trepidis,
765 2975 847 3018 arma
862 2954 1041 3038 ordinesque
1064 2975 1112 3018 re·

109 3043 234 3106 tinebat.
280 3039 428 3104 Ubiorum
444 3039 709 3124 Treverorumque
725 3042 848 3118 auxilia,
866 3041 949 3104 Ioedd
963 3040 1036 3123 fugai
1050 3041 1111 3104 dis·

109 3151 206 3212 persa,
232 3128 303 3191 totis
316 3128 438 3227 'campis
466 3127 614 3209 palantur.
660 3127 737 3191 Illuc
763 3128 927 3192 incubudre
951 3127 1109 3192 Germani.

109 3213 153 3278 Et
169 3215 244 3278 suit
238 3214 355 3278 mterIm
379 3214 523 3295 effugium
550 3215 743 3294 legionibus
737 3237 765 3276 m
788 3229 896 3292 castra,
919 3215 1025 3300 quibus
1046 3213 1112 3278 Ve-

110 3310 204 3362 terum
229 3321 339 3362 nornen
364 3314 421 3362 est.
466 3299 631 3364 Praeleotus
658 3301 710 3363 alae
737 3301 934 3378 Batavorum,
962 3301 1112 3364 Claudius

109 3386 226 3462 Labeo,
249 3385 402 3468 oppidano
428 3388 592 3450 certamine
608 3388 731 3450 aemulus
746 3386 848 3464 Civili,
874 3409 913 3450 ne
935 3388 1111 3451 interfectus

110 3473 252 3535 invidiam
268 3472 346 3554 apud
364 3471 533 3554 populares,
549 3475 647 3549 vel,
625 3495 649 3536 si
665 3475 851 3551 retineretur,
868 3475 984 3538 semina
999 3475 1112 3538 discor·

110 3557 164 3622 diae
180 3557 336 3640 preberet,
352 3558 381 3620 in
398 3557 510 3620 Frisios
526 3560 674 3622 avehitur.

154 3643 247 3708 XIX.
271 3644 381 3707 Iisdem
405 3645 521 3717 diebus,
545 3645 728 3708 Batavorum
744 3659 775 3708 et
791 3645 1036 3710 Canninefatium
1058 3668 1112 3710 co·

109 3730 221 3809 hortas,
233 3730 302 3794 clim
314 3729 401 3817 J'ussu
418 3729 533 3794 Vitellii
549 3731 578 3794 in
594 3733 698 3796 urbem
713 3747 884 3818 pergerent,
901 3734 1007 3798 missus
1023 3756 1040 3798 a
1056 3733 1115 3800 ct-
