2516 4250
137 207 186 269 46-
478 203 799 271 C.Coan.Trcrn1
926 205 980 287 [A.
997 201 1039 265 U.
1056 203 1133 266 892.

136 384 282 434 maturam
300 368 435 452 petendis
458 369 619 432 honoribus
636 367 802 454 juventam’
819 367 944 431 serebat.
991 367 1053 430 Sed
1070 367 1136 429 vul-

159 479 192 519 us
209 456 337 538 fingendi
361 455 479 516 avidum
503 455 717 553 disperserat,‘
728 456 856 528 accitum
874 456 901 516 in
918 453 1133 537 adoptionem?

137 477 267 606 laureata
290 541 486 640 sermonibus,
503 541 630 616 senium,
646 558 675 604 et
690 541 800 603 orbitas
817 540 965 622 Principis
980 556 1011 602 et
1025 539 1135 602 intem·

138 629 271 712 perantia
294 627 427 702 civitatis,
452 628 548 688 donec
572 649 647 688 unus
668 627 802 724 eligatur,
825 627 933 687 multos
955 626 1134 688 destinandi.

139 715 279 794 Augebat
295 712 426 774 samam'
420 713 511 795 ipsius
531 711 622 775 Titi
616 713 778 794 ingenium,
802 728 1050 795 quantaecumque
1074 709 1134 774 sor·

138 817 215 863 tunae
231 820 338 882 capax,
355 800 448 861 decor
470 799 529 860 oris
552 819 621 879 cum
645 796 774 880 quadam
800 797 965 882 majestate,
982 817 1132 880 prospera

138 883 314 967 Vespasiani
338 906 396 960 res,
414 905 543 982 praesaga
566 905 718 968 responsa,
734 900 774 958 et,
790 883 934 944 inclinatis
949 884 985 944 ad
1007 884 1136 945 creden-

139 971 213 1034 dum
236 971 349 1046 animis,
373 972 439 1032 loco
461 971 593 1032 ominum
618 971 706 1032 etiam
728 968 856 1032 fortuita.
901 967 964 1030 Ubi
986 968 1135 1044 Corinthi,

114 1118 117 1125 ,
139 1057 263 1119 Achaiae
282 1058 366 1155 urbe,
382 1072 479 1118 certos
501 1055 617 1117 nuntios
640 1056 756 1138 accepit
778 1056 840 1116 de
833 1055 951 1116 tnteritu
974 1053 1097 1153 Galbae,
1105 1069 1137 1118 et

141 1143 273 1218 aderaut,
297 1143 346 1226 qui
370 1163 452 1204 arma
474 1139 587 1202 Vitellii
611 1141 780 1226 bellumque
807 1141 998 1238 affirm-arent,
1029 1141 1136 1203 anxius

140 1229 249 1304 anim0,
265 1230 366 1310 paucis
382 1228 544 1290 amicorum
561 1227 709 1303 adhibitis,
727 1241 836 1288 cuncta
853 1229 1001 1309 utrimque
1015 1226 1135 1324 perlus-

141 1328 207 1377 trat.
253 1313 310 1376 ‘Si
336 1329 474 1398 pergeret
500 1314 528 1374 in
552 1313 669 1388 urbem,
696 1313 806 1374 nnllam
833 1313 921 1374 officii
949 1312 1083 1394 gratiam,
1105 1311 1135 1374 iu

140 1399 260 1462 alterius
276 1400 419 1462 honorem
443 1399 591 1482 suscepti:
617 1420 652 1460 ac
668 1420 700 1460 se
715 1397 884 1475 Vitellio,
862 1419 925 1461 sive
942 1397 1065 1496 Othoni,
1080 1397 1136 1460 ob·

141 1485 237 1549 sidem
254 1484 327 1547 sore
373 1486 425 1548 Sin
449 1486 575 1588 rediret,
585 1485 732 1546 offensam
756 1485 834 1546 haud
856 1485 976 1546 dubiam
995 1483 1134 1546 victoris:

141 1571 219 1634 sed
213 1571 326 1633 incerta
341 1573 439 1634 adhuc
455 1570 590 1643 victoria,
614 1585 643 1632 et
658 1571 876 1632 concedente
869 1591 897 1631 tn
923 1585 1022 1652 partes
1038 1585 1136 1652 patre,

140 1658 232 1720 filium
256 1673 445 1720 excusatum.
492 1656 544 1720 Sin
561 1655 764 1738 Vespasianus
781 1655 1016 1738 Rempublicam
1043 1655 1137 1718 susci-

142 1759 238 1828 peret,
254 1744 490 1806 obliviscendum
507 1742 689 1804 offensarum
705 1743 744 1804 de
761 1743 839 1804 bello
854 1740 1055 1823 agitantibus!

186 1827 228 1890 ll.
253 1827 309 1890 His
326 1851 360 1891 ac
376 1829 511 1892 talibus'
505 1843 581 1890 inter
603 1850 687 1912 spem
705 1843 880 1912 metumque
891 1826 1050 1911 jactatum,
1066 1849 1137 1910 spes

140 1915 220 1978 vicit.
266 1913 411 1990 Fuere,
392 1916 473 1998 qui‚‘
485 1936 645 1976 accensum
662 1914 811 1977 desiderio
822 1913 988 1976 Berenices
999 1912 1136 1995 Reginae,

141 2000 267 2062 vertisse
294 2000 359 2062 iter’
382 2001 550 2062 crederent.
597 1999 707 2082 Neque
730 2000 908 2061 abhorrebat
938 2019 955 2060 a
985 1999 1137 2061 Berenice

136 2085 279 2171 juvenilis
295 2087 424 2148 animus:
449 2085 501 2148 sed
517 2085 656 2164 gerendis
672 2085 760 2148 rebus
775 2085 889 2146 nullum
906 2105 945 2147 ex
957 2105 994 2146 eo
1010 2085 1139 2168 impedi-

141 2186 295 2234 mentum:
320 2171 421 2234 laetam
439 2170 640 2251 voluptatibus
651 2169 882 2232 adolescentiam
895 2171 966 2251 egit,
981 2169 1137 2252 suoquaim

163 2259 232 2320 atris
244 2257 368 2340 imperio
383 2256 576 2318 moderatior.
621 2253 713 2335 Igitur
727 2277 808 2318 oram
819 2257 941 2318 Achaiae
957 2270 987 2317 et
1000 2257 1089 2330 Asiae,
1102 2277 1139 2320 ac

141 2279 216 2405 liena
240 2343 327 2404 maris
352 2357 528 2424 praevectus,
552 2339 697 2402 Rhodum
715 2355 745 2403 et
768 2341 907 2425 Cyprum
924 2342 1045 2418 insulas,
1067 2303 1139 2404 iride

142 2429 273 2511 Syriam,
289 2429 513 2489 audentioribus
528 2427 629 2509 spatiis
653 2428 785 2510 petebat.
831 2429 933 2511 Atque
957 2429 1039 2490 illurn
1052 2428 1139 2510 cupi-

143 2515 205 2577 do'
199 2514 330 2589 incessit,
346 2513 476 2576 adeundi
495 2513 668 2596 visendique
691 2514 837 2597 templum
854 2513 978 2596 Paphiae
997 2512 1138 2590 Veneris,

141 2600 287 2682 inclytum
304 2621 357 2683 per
373 2600 527 2680 indigenas
543 2599 746 2683 advenasque.
793 2597 885 2661 Haud
903 2599 989 2661 suerit
1003 2599 1138 2680 longum,

141 2687 222 2750 initia
238 2687 397 2767 religionis,
409 2687 512 2769 templi
523 2686 622 2762 situm,
636 2685 761 2748 sormam
773 2685 848 2763 deae,
861 2707 960 2769 oeque
976 2687 1055 2748 enim
1068 2685 1140 2748 alibi

141 2773 185 2836 sic
202 2773 337 2846 habetur,
356 2773 458 2855 paucis
474 2773 629 2834 disserere.

186 2857 242 2920 ΙΙΙ.
267 2857 485 2922 ‘Conditorem
502 2857 606 2940 templi
623 2857 743 2938 Regem
759 2857 863 2920 AErian
882 2871 968 2922 vetus
985 2857 1139 2934 memoria,

142 2945 302 3030 quidam‘
295 2967 388 3026 ipsius
398 2945 473 3007 Deae
490 2965 599 3006 nornen
616 2943 655 3005 id’
667 2945 834 3027 perhibent.
880 2943 976 3006 Fama
989 2943 1140 3006 recentior

142 3031 266 3107 tradit,‘
277 3053 294 3093 a
310 3029 427 3115 Cinyra
442 3046 588 3094 sacratum
605 3030 763 3114 templum,
776 3030 954 3128 Deamque'
949 3051 1055 3112 ipsam,
1066 3049 1140 3091 con·

141 3132 263 3200 ceptam
287 3119 373 3194 mari,
403 3119 462 3180 hnc
489 3116 658 3200 appulsam.
705 3116 766 3178 Sed
796 3117 952 3178 scientiam
983 3131 1140 3198 artemque

143 3201 347 3286 Haruspicum
371 3206 519 3280 accitam,
542 3201 718 3264 etCilicem
741 3201 896 3264 Tamiram
918 3202 1073 3264 intulisse.
1096 3215 1140 3262 at-

143 3311 203 3374 que
226 3290 265 3351 ita
289 3305 418 3372 pactum,
443 3303 475 3352 ut
501 3287 617 3350 samiliae
648 3289 800 3372 utriusque
828 3289 937 3371 posteri
964 3287 1140 3350 caerimouiis

144 3375 358 3459 praesiderent?
404 3375 492 3452 Mox,
509 3395 547 3436 ne
564 3375 676 3436 honore
695 3375 778 3436 nullo
794 3373 926 3453 Regium
943 3393 1038 3452 genus
1050 3392 1142 3476 pere·

143 3462 257 3543 grinam
273 3461 396 3544 stirpem
412 3460 640 3535 antecelleret,
634 3481 710 3542 ipsa,
723 3481 811 3542 quam
828 3460 999 3534 intulerant,
1015 3457 1141 3520 scientia

143 3548 278 3629 hospites
300 3569 437 3610 cessere.
462 3545 577 3610 tantiam
601 3545 771 3628 Cinyrades
794 3545 943 3608 Sacerdos
965 3544 1141 3607 consulitur.

144 3632 270 3710 Hostiae,
282 3648 315 3696 nt
331 3655 457 3718 quisque
467 3648 559 3706 vovit,
569 3631 622 3692 sed
639 3653 736 3692 mares
748 3631 929 3712 deliguntur.
962 3629 1142 3694 Certissima

142 3719 218 3784 fides
233 3719 385 3784 haedorum
401 3719 492 3782 fibris.
539 3717 724 3801 Sanguinem
744 3738 800 3781 ara
815 3717 972 3782 offundere
995 3716 1142 3780 vetitum:
