2508 4254
389 619 429 680 C.
458 619 691 680 CORNELII
718 621 886 682 ΤΑΟΙΤΙ

351 825 926 900 HISTORIARUM

405 1029 571 1084 LIBER
601 1029 869 1090 QUARTUS.

473 1307 681 1349 Bunvtntttvtt
704 1308 806 1350 blunt.

138 1432 198 1496 Cap.
213 1435 234 1480 t.
253 1429 387 1480 Interfecto
400 1429 513 1487 Vitellio,
525 1431 615 1478 milites
627 1429 740 1478 Flaviani
751 1431 777 1478 in
790 1432 851 1480 urbe
864 1432 978 1480 saeviunt.
1011 1433 1034 1478 2.
1052 1432 1141 1481 Domi·

170 1497 260 1551 tianus,
272 1510 362 1543 nomen
374 1495 510 1557 sedemque
528 1495 633 1542 (laesaris
653 1502 750 1550 nactus,
769 1496 895 1543 adulteriis
917 1494 996 1544 filium
1018 1496 1142 1558 Principis
1234 1503 1235 1528 ³

170 1563 229 1624 egit.
263 1559 293 1606 L.
312 1559 430 1606 Vitellius
446 1556 604 1606 interficitur.
637 1559 660 1604 8.
679 1558 814 1620 Campania
831 1559 974 1621 compositi,
987 1557 1142 1621 Vespasiano

170 1623 277 1672 Senatus
289 1623 451 1671 Consulatum
463 1637 521 1670 cum
531 1622 587 1669 Tito
606 1619 667 1678 filio,
679 1622 817 1670 Praeturam
831 1623 971 1670 Domitiano
982 1629 1008 1671 et
1019 1623 1140 1672 Consula-

169 1703 196 1735 re
206 1687 348 1750 imperium,
357 1687 477 1734 decernit.
501 1689 524 1732 4.
543 1685 665 1741 Muciani,
677 1687 787 1742 Antonii,
799 1693 939 1734 ceterorum
951 1687 1064 1734 bonores.
1088 1687 1141 1736 Re·

171 1752 289 1798 stituendi
301 1751 407 1812 capitolii
419 1749 557 1797 consilium.
581 1748 701 1796 Libertati
710 1751 816 1797 consulit
826 1751 960 1798 Helvidius
973 1750 1083 1806 Priscus,
1094 1765 1141 1799 cu·

173 1814 214 1862 'us
225 1815 309 1861 avita
321 1820 346 1861 et
363 1828 452 1870 mores,
463 1815 533 1860 6-8.
546 1817 572 1860 et
589 1827 647 1860 cum
669 1813 743 1874 Eprio
761 1813 886 1862 Marcello
903 1829 960 1861 acre
977 1813 1090 1876 jurgium
1109 1816 1141 1863 de

167 1829 258 1940 {egetis
278 1879 307 1924 ad
320 1877 461 1938 Principem
482 1877 615 1924 mittendis.
648 1878 671 1924 9.
691 1877 730 1924 De
750 1877 868 1938 impensis
890 1877 996 1938 publicis
1013 1877 1141 1925 dissensio.

171 1942 208 1987 10.
227 1940 360 1988 Musonius
372 1940 522 1988 RuiuslnP
542 1941 658 1988 Celerem
668 1940 804 1988 invehitur.
839 1944 875 1988 ll.
894 1940 1031 1989 Mucianus
1050 1942 1142 1990 urbem

169 2003 306 2066 ingressus,
318 2011 408 2052 cuncta
416 2005 440 2051 iu
450 2019 477 2051 se
487 2003 569 2058 trahit,
582 2003 651 2066 Calp.
662 2003 823 2052 Galerianum
836 2004 896 2052 credi
908 2011 989 2061 curat,
1000 2005 1141 2053 Asiaticum
1234 2001 1235 2026 r

171 2067 287 2114 libortum
300 2068 384 2115 servili
395 2069 516 2130 supplicio
527 2069 596 2115 toltit.

139 2131 177 2180 12.
195 2131 438 2180 Germanicaectadis
458 2131 530 2178 sama.
563 2131 625 2192 Ejus
636 2131 695 2178 belli
712 2145 787 2179 causa
803 2131 828 2178 in
849 2131 956 2179 Batavis.
991 2133 1029 2179 13.
1065 2131 1141 2180 Duce

170 2194 273 2243 Claudio
290 2195 378 2243 Civile.
413 2197 513 2243 14-16.
532 2194 556 2242 Is
576 2195 689 2250 Batavos,
709 2194 894 2250 Canninefates,
917 2195 1017 2252 Frisios,
1034 2196 1141 2253 excitat,

169 2259 249 2306 statim
261 2259 324 2313 doto.
333 2273 391 2307 mox
403 2258 487 2322 aperti
499 2259 533 2314 vi,
546 2258 669 2305 Romanos
680 2265 788 2318 superat.
823 2261 861 2305 17.
879 2258 996 2306 Victoria
1011 2258 1086 2321 hujus
1103 2259 1140 2306 te·

168 2322 209 2370 mi
221 2328 291 2370 motae
304 2322 443 2370 Germaniae
456 2323 548 2370 auxilia
559 2321 666 2370 offerunt
683 2321 766 2378 Civili,
778 2323 820 2385 qui
839 2329 865 2369 et
880 2321 1017 2370 Galliarum
1034 2323 1140 2370 societa-

168 2391 219 2433 tem
229 2385 334 2433 affectat.
369 2388 406 2434 18.
424 2386 559 2434 Hordeonii
572 2385 657 2433 Flacci
666 2386 779 2449 segnitia.
815 2385 880 2433 Victi
893 2385 997 2434 Romani
1006 2387 1031 2432 in
1042 2385 1139 2434 Vetera

169 2457 249 2496 castra
260 2449 368 2512 fugiunt.
402 2451 440 2497 19.
458 2449 607 2496 Batavorum
628 2455 654 2496 et
665 2449 866 2496 Canninefatium
879 2449 1001 2506 cohortes,
1008 2449 1080 2512 jussu
1094 2449 1141 2497 Vi·

169 2513 230 2561 tellii
242 2513 266 2560 in
280 2513 368 2560 urbem
381 2518 523 2574 pergentes,
535 2520 667 2574 corrupte,
679 2513 755 2560 civiti
763 2514 916 2576 junguntur,
928 2518 954 2560 et
965 2515 1003 2560 20.
1014 2513 1142 2560 Bonnensi

170 2577 254 2638 praelio
267 2577 433 2624 Romanorum
446 2577 525 2624 aciem
534 2576 700 2638 perfringunt.
733 2577 772 2625 21.
790 2576 885 2632 Civilis,
894 2577 989 2624 consilii
998 2577 1142 2639 ambiguus,

168 2654 225 2688 suos
244 2641 269 2687 in
282 2641 359 2688 verba
371 2640 517 2701 Vespasiani
536 2641 620 2702 adigit,
638 2639 734 2687 hostilia
745 2640 847 2699 velans3
865 2641 903 2685 22.
917 2641 955 2688 23.
974 2654 1030 2686 mox
1045 2638 1142 2687 Vetera

167 2704 270 2759 obsidet,
283 2702 382 2751 frustra.
416 2705 454 2750 24.
474 2705 512 2750 25.
531 2702 690 2750 Hordeonius
708 2703 825 2756 Flaccus,
836 2703 955 2748 seditione
973 2700 1141 2756 conflictatus,

167 2780 290 2813 summam
309 2780 393 2814 rerum
407 2766 510 2822 Voculae
522 2765 649 2825 permittit.
683 2766 723 2810 26.
740 2767 778 2810 27.
798 2765 867 2809 Huic
884 2763 980 2810 additus
992 2763 1141 2810 Herennius

167 2826 264 2884 Gallus,
289 2843 315 2874 re
335 2828 398 2874 ruald
417 2829 497 2889 gesti,
514 2829 669 2872 verberatur.
703 2826 778 2872 Nova
794 2826 888 2873 seditio.
921 2827 1023 2872 28-30.
1041 2825 1140 2883 Civilis,

168 2891 296 2937 immensis
307 2890 422 2936 auctibus
434 2890 464 2936 ab
482 2886 598 2934 universi
617 2886 752 2934 Germanii
772 2888 860 2950 elatus,
879 2889 1000 2936 obsidium
1014 2887 1140 2938 Veterum

167 2961 251 3015 urget,
263 2953 341 3001 Ubios
353 2955 438 2999 vexat.
473 2950 548 2997 Varla
558 2951 701 2997 certamina.

136 3017 176 3063 81.
195 3017 322 3064 Nunciato
333 3013 496 3063 Cremonensi
507 3013 600 3075 praello,
609 3014 701 3061 auxilia
714 3013 842 3062 Gallorum
851 3029 865 3062 a
874 3013 976 3062 Vitellio
987 3013 1139 3063 desciscunt.

168 3079 231 3126 Suos
243 3094 342 3142 quoque
364 3078 521 3126 Hordeonius
539 3077 564 3124 in
578 3076 725 3138 Vespasiani
738 3077 815 3124 rerba
826 3079 902 3139 adigit
913 3079 1061 3126 hesitantes.
1095 3079 1138 3126 32.
1234 3131 1235 3134 Ἴ

168 3141 210 3192 Ad
221 3143 328 3190 Civilem
340 3143 429 3193 missus
439 3140 583 3196 Montanus,
596 3146 623 3187 ut
634 3155 647 3186 a
657 3141 723 3188 bello
739 3141 857 3189 absistere
863 3141 961 3204 jubeat,
973 3143 1003 3189 ab
1014 3143 1066 3204 ipso
1082 3147 1138 3190 ten·

167 3209 247 3258 tatur.
272 3207 311 3252 33.
324 3208 363 3251 34.
381 3205 446 3252 Cum
460 3202 556 3251 Vocati
575 3201 688 3266 confligit
709 3203 796 3252 Civilis
813 3205 880 3252 vario
896 3213 998 3266 eventu,
1017 3219 1066 3252 non
1083 3205 1139 3253 sine

168 3269 298 3329 utriusque
323 3267 404 3316 Ducis
425 3267 508 3328 culpi.
542 3268 582 3314 35.
600 3266 698 3314 Vocula
715 3266 779 3314 male
800 3269 878 3316 utitur
896 3267 1008 3316 victorii.
1043 3267 1140 3316 Vetera

165 3331 291 3378 obsidione
304 3331 400 3378 liberat.
433 3332 472 3377 aa.
491 3330 577 3378 Civilis
590 3329 730 3378 Geldubam
742 3332 815 3392 capit.
850 3331 954 3378 Romani
967 3332 1056 3379 milites
1070 3331 1137 3378 Hor·

167 3394 283 3442 daonium
295 3399 394 3442 necant.
428 3393 526 3441 Vocula
537 3408 581 3454 per
593 3397 708 3442 tenebras
717 3395 808 3442 evadit.
840 3397 880 3442 37.
898 3395 1078 3442 MoxaCirile
1094 3408 1137 3442 stt·
1234 3453 1235 3458 ¹

167 3457 246 3518 parati
263 3457 385 3505 Voculam
404 3457 487 3504 denno
508 3463 658 3517 sequuntur,
680 3471 789 3518 quocum
805 3459 929 3506 obsidione
947 3457 1138 3522 Magantiecum

167 3519 281 3568 liberant.
315 3519 430 3576 Treveri,
441 3535 509 3568 nuuc
521 3519 573 3574 fidi,
586 3534 642 3568 mox
656 3521 771 3568 rebelles.

134 3583 174 3632 88.
188 3581 356 3644 Vespasianus
370 3599 430 3632 cum
441 3583 498 3630 Tito
509 3584 671 3632 Consulatum
683 3583 737 3631 init.
772 3583 838 3632 Pulsi
855 3599 958 3646 pavores
969 3585 994 3632 in
1006 3586 1068 3632 urbe
1085 3591 1112 3632 et
1123 3599 1139 3632 a

142 3645 196 3706 vL.
215 3647 312 3696 Pisone.
345 3649 384 3695 39.
404 3647 559 3694 Domitianus
572 3647 672 3694 Praetor.
707 3647 751 3694 Vis
763 3662 840 3709 penes
853 3647 1010 3697 Mucianum.
1044 3648 1136 3696 lsPri·

166 3711 200 3758 mi
212 3711 312 3758 Antonii
324 3711 457 3772 potentiam
470 3709 590 3772 infringit.
623 3712 663 3757 to.
681 3709 1015 3760 RestitutiGalbaeltonores.
1049 3711 1137 3759 Barcae
1234 3719 1235 3734 ¹

166 3771 246 3821 Sorini
265 3773 393 3836 Manibus,
412 3773 440 3822 P.
458 3773 549 3821 Celere
566 3773 689 3830 damnato,
709 3773 870 3823 sadstacturu.
903 3779 943 3824 41.
960 3775 1011 3824 Atii
1031 3789 1134 3838 quoquc
