2484 4316
133 215 229 281 A.C.
245 207 337 300 69.]Ι
416 213 555 280 Hrs'rce.
579 209 655 278 Lus.
680 203 857 291 Quaeres.
1074 219 1138 283 149

133 383 249 448 socium
277 381 407 466 partium
434 381 561 464 scripte,
586 393 617 442 et
641 379 680 442 de
704 378 891 443 Germanico
908 381 1042 445 exercitu
1065 381 1136 446 bos·

132 469 233 533 tiliter.
279 467 356 533 Mox
388 467 484 530 allatis
512 466 684 530 Geldubam
708 467 738 529 in
761 482 858 529 castra
882 467 1001 545 nuntiis,
1025 469 1132 531 eadem

133 555 215 618 dicta
245 553 405 640 factaque:
428 567 459 617 et
489 553 597 616 missus
621 575 692 616 cum
723 553 869 617 mandatis
900 551 1064 618 Montanus
1095 553 1133 617 ad

133 640 277 719 Civilem,
305 649 357 704 ‘ut
386 641 542 704 absisteret
567 639 667 702 bello:
691 659 769 702 neve
791 653 918 703 externa
942 641 1030 702 ermis
1053 639 1133 704 salsis

134 728 261 791 velaret.
308 727 340 790 Si
358 725 579 810 Vespasianum
598 726 705 811 juvare
727 747 884 810 aggressus
899 725 985 804 soret,
1000 726 1135 791 satisfac-

133 828 197 878 tum
214 813 345 898 coeptis.'
389 813 441 876 Ad
458 834 495 875 ee
507 811 614 876 Civilis
631 811 864 896 primbcallide:
890 812 968 896 pdst,
985 813 1035 876 ubi
1049 813 1132 876 videt

133 899 315 965 Montanum
331 899 524 984 praeferocem
548 900 679 982 iugenio,
702 913 898 984 paratumque
921 900 950 962 in
966 919 1013 962 res
1028 921 1134 977 novas,

132 1007 259 1051 orsusa
287 999 393 1072 questu
418 986 630 1070 periculisque,
655 1007 719 1071 quae
737 1007 791 1069 per
838 987 947 1071 uinquc
975 1000 1005 1049 et
1028 987 1133 1069 viginti

133 1093 228 1136 annos
243 1073 273 1135 in
288 1073 392 1136 castris
408 1071 556 1136 Romanis
578 1072 778 1149 exhausisset,
802 1008 1013 1154 ‘quregium,’
1027 1073 1134 1157 inquit,

133 1159 281 1246 ‘pretium
306 1159 413 1222 laboris
436 1159 550 1242 recepi,
571 1179 679 1222 necem
703 1157 800 1221 fratris
826 1172 857 1221 et
871 1159 989 1222 vincula
1012 1181 1080 1221 mea
1102 1173 1134 1222 et

133 1245 312 1308 sevissimae
339 1245 427 1330 hujus
454 1244 606 1307 exercitiis
631 1265 733 1320 voces,
757 1245 865 1328 quibus
890 1244 928 1307 ad
952 1246 1132 1328 supplicium

132 1331 255 1416 petitus,
266 1329 334 1416 jure
350 1330 483 1412 gentium
500 1352 601 1414 paenas
616 1351 754 1414 reposco.
802 1329 868 1393 Vos
881 1345 981 1393 autem
993 1331 1133 1411 Treveri,

131 1431 302 1501 ceteraeque
317 1416 508 1480 servientium
526 1417 642 1494 animae,
655 1417 734 1501 quod
753 1417 905 1499 praemium
922 1417 1008 1479 effusi
1024 1419 1133 1483 totiens

131 1505 285 1586 sanguinis
314 1503 493 1587 expectatis,
519 1503 575 1565 nisi
604 1503 749 1583 ingratam
780 1503 927 1580 militiam,
956 1504 1136 1567 immortalia

131 1590 254 1665 tributa,
272 1589 379 1670 virgas,
402 1609 525 1652 secures
552 1585 793 1652 et'dominorum
819 1589 960 1670 ingenie?
1005 1589 1056 1651 En
1078 1611 1147 1671 ego·

132 1673 299 1738 Praesectus
315 1675 401 1738 unius
423 1674 553 1737 cohortis
577 1687 608 1736 et
634 1673 851 1736 Canninefates
872 1674 1052 1758 Batavique,
1069 1677 1135 1739 exi·

133 1781 193 1842 gua
209 1759 375 1822 Galliarum
392 1761 497 1846 portio,
509 1781 585 1822 vana
600 1760 650 1822 illa
663 1775 826 1823 castrorum
843 1761 938 1844 spatia
954 1762 1133 1840 excidimus,

133 1846 183 1910 vel
213 1860 298 1930 septa
328 1845 406 1909 ferro
431 1845 570 1930 fameque
599 1847 783 1928 premimus:
813 1847 944 1932 denique
974 1867 1062 1910 ausos
1084 1862 1146 1912 aut·

133 1932 256 1996 libertas
275 1947 427 2016 sequetur,
443 1947 494 1995 aut
511 1932 580 1995 victi
595 1933 686 1994 iidem
710 1932 842 1996 erimus'
888 1933 940 1998 Sic
963 1954 1135 2012 accensum,

132 2018 188 2082 scd
205 2018 359 2082 ‘molliora
374 2017 495 2082 reserre’
505 2018 633 2104 jussum,
647 2018 773 2083 dimittit.
819 2019 886 2096 llle,
902 2033 934 2083 ut
945 2021 1042 2085 irritus
1054 2022 1136 2106 lega·

133 2105 233 2181 tionis,
250 2105 347 2182 rediit,
362 2119 464 2168 cetera
480 2105 679 2184 dissimulans,
696 2128 761 2190 quae
776 2127 849 2190 mox
865 2106 1000 2212 erupere.

52 2259 60 2266 ,
176 2189 335 2255 XXXlll.
373 2191 492 2267 Civilis,
523 2207 606 2277 parte
635 2193 789 2275 copiarum
820 2209 947 2270 retenta,
977 2207 1136 2258 veteranas

132 2278 284 2355 cobortes,
301 2291 332 2341 et
348 2282 427 2363 quod
444 2300 461 2342 e
478 2277 639 2342 Germanis
655 2278 787 2341 maxime
809 2295 971 2361 promtum,
990 2281 1135 2345 adversirs

133 2363 283 2428 Voculam
300 2364 527 2450 exercitumque
540 2365 605 2450 ejus
622 2365 726 2430 mittit:
750 2365 833 2428 Julio
845 2365 983 2430 Maximo
999 2381 1029 2429 et
1041 2366 1136 2430 Clau·

134 2451 185 2514 dio
200 2450 335 2528 Victore,
351 2451 458 2515 sororis
481 2473 544 2515 suae
564 2452 635 2529 filio,
651 2451 800 2515 Ducibus.
846 2451 983 2535 Repiunt
1005 2454 1034 2516 in
1055 2467 1137 2516 tran·

134 2537 190 2601 situ
207 2537 343 2620 hyberna
366 2538 430 2615 alae,
454 2538 622 2620 Asciburgii
646 2539 719 2602 sita:
744 2538 882 2624 adedque
903 2540 1054 2623 improvisi
1070 2561 1137 2602 cas·

133 2637 178 2687 tre
200 2623 384 2702 involavere,
400 2638 433 2687 ut
449 2645 507 2687 non
532 2625 653 2708 alloqui,
669 2647 728 2688 non
754 2627 886 2708 pandere
906 2629 1003 2689 aciem
1018 2625 1135 2689 Vocula

135 2711 275 2793 potuerit.
322 2708 356 2773 ld
383 2711 491 2787 solum,
516 2725 550 2774 ut
575 2712 604 2773 in
629 2711 768 2788 tumultu,
792 2713 917 2788 monuit,
933 2713 1135 2795 ‘subsignano

135 2796 227 2860 milite
257 2795 356 2859 media
386 2797 534 2860 firmare?
560 2798 671 2860 auxilia
698 2795 807 2880 passim
838 2796 1018 2860 circumfusa
1055 2813 1133 2862 sunt.

136 2879 240 2967 Eques
257 2883 399 2969 prorupit,
415 2897 625 2968 exceptusque
637 2885 811 2967 compositis
827 2884 957 2946 hostium
972 2884 1136 2962 ordinibus,

135 2982 220 3052 terga
236 2971 265 3031 in
281 2991 351 3032 suns
368 2971 465 3034 vertit.
511 2970 622 3034 Caedes
637 2971 717 3044 inde,
735 2991 793 3032 non
810 2970 954 3055 praelium,
1000 2969 1041 3033 Et
1057 2969 1138 3034 Ner-

135 3055 251 3118 viorum
267 3056 418 3132 cohortes,
436 3071 517 3118 metu
533 3079 586 3120 seu
604 3055 738 3140 perfidiis,
751 3057 842 3120 latera
858 3071 1025 3120 nostrorum
1042 3058 1137 3120 nuda·

134 3140 218 3204 vere.
265 3141 317 3205 Sic
341 3143 379 3206 ad
406 3143 541 3225 legiones
568 3156 768 3226 perventum:
794 3165 871 3228 quae,
894 3143 1134 3228 amississignis,

136 3228 212 3292 intra
228 3228 339 3292 vallum
363 3229 589 3309 sternebantur3
612 3230 682 3292 cdm
705 3230 830 3313 repente
851 3251 931 3295 novo
947 3230 1060 3295 auxilio
1076 3231 1136 3296 lor·

136 3327 209 3378 tuna
224 3337 331 3398 pugnae
354 3330 495 3380 mutatur.
539 3315 714 3380 Vasconum
737 3318 854 3380 leetaea
878 3316 979 3380 Garbe
996 3320 1137 3383 cohortes

135 3421 173 3464 ec
181 3413 246 3464 tum
263 3401 376 3479 accite,
392 3402 464 3466 dum
480 3404 583 3467 castris
599 3404 810 3488 propinquant,
826 3404 927 3468 audito
943 3407 1138 3490 preliandum

135 3488 279 3565 clamore,
309 3489 439 3552 intentos
469 3490 569 3555 hostes
599 3511 617 3552 a
643 3505 728 3571 tergo
750 3491 904 3567 invadunt,
927 3492 1136 3576 latioremque,

137 3573 227 3660 quiam
252 3597 306 3659 pro
329 3597 465 3653 numero,
483 3595 625 3640 terrorem
642 3577 774 3640 faciunt:
799 3577 862 3639 aliis
879 3597 895 3638 a
912 3576 1057 3655 Novesio,
1073 3579 1137 3641 aliis

135 3681 154 3724 a
171 3660 374 3743 Mogontiaco,
390 3664 542 3726 universas
564 3665 666 3748 copies
681 3663 838 3726 advenisse
857 3664 1061 3726 credentibus.
1106 3662 1137 3725 Is

135 3768 218 3812 error
241 3748 389 3815 Romanis
412 3749 495 3814 addit
517 3752 657 3901 animpgp
659 3765 701 3832 et,
717 3751 790 3814 dum
814 3751 917 3815 alienis
933 3750 1044 3816 viribus
1064 3769 1137 3814 con·
