2560 4258
179 317 220 382 A.
237 315 278 381 C.
294 314 363 397 69.]
483 311 626 376 Hrsron.
650 310 726 376 Lis.
750 310 893 376 Paratus.
1137 310 1179 372 19

179 511 253 554 nore
276 484 398 552 avaritia
413 507 448 550 ac
463 484 585 550 licentii
600 499 749 568 grassatus
765 498 845 548 essct
864 482 906 548 T.
924 479 1044 560 Vinius,
1066 482 1090 546 si
1113 482 1178 567 ipse

181 575 379 660 impetisset:
404 595 484 636 nunc
500 587 531 636 et
545 573 696 659 subjectos
712 594 766 635 nos
791 571 906 648 habuit,
932 585 1075 656 tanquam
1098 591 1180 646 suos,

181 677 217 726 et
225 662 309 737 viles,
326 675 358 722 ut
370 659 494 722 alienos.
540 659 612 722 Una
627 659 677 722 illa
689 659 797 722 domus
812 658 922 722 sufficit
933 657 1086 735 donativo,
1099 656 1179 740 quod

180 749 265 812 vobis
281 768 434 830 nunquam
447 746 544 824 datur,
560 760 591 809 et
608 745 739 831 quotidie
752 745 962 828 exprobratur.

225 831 419 897 XXXVIII.
451 837 528 910 ‘Ao,
552 854 590 894 ne
614 853 673 916 qua
695 832 803 895 saltem
826 832 856 894 in
878 849 1052 894 successore
1074 827 1180 894 Galbae

180 942 252 1005 spes
267 933 358 997 esset,
381 920 506 982 accersit
529 919 569 982 ab
584 919 687 994 exilio,
711 939 802 1002 quem
818 915 936 981 tristitiis
950 931 981 980 et
996 915 1120 980 avaritia
1134 917 1180 979 sui

179 1007 364 1072 simillimum
376 1005 543 1091 judicabat.
579 1003 715 1081 Vidistis,
727 1005 958 1081 commilitones,
971 1004 1092 1066 notabili
1105 1018 1182 1066 tern-

181 1107 299 1178 pestate
312 1093 402 1155 atiam
415 1091 500 1156 Deos
513 1089 670 1154 infaustam
684 1092 877 1174 adoptionem
888 1103 1071 1156 aversantes.
1094 1089 1181 1152 Idem

182 1178 323 1256 Senaths,
339 1179 420 1242 idem
437 1178 548 1263 Populi
566 1177 709 1256 Romani,
728 1179 845 1240 animus
860 1191 918 1242 est.
963 1174 1073 1240 Vestra
1089 1177 1181 1240 virtus

181 1280 373 1350 expectatur,
400 1265 479 1348 apud
505 1286 579 1350 quos
603 1287 693 1328 omne
719 1265 852 1328 honestis
875 1265 1006 1328 consiliis
1026 1264 1126 1340 robur,
1151 1277 1182 1326 et

181 1355 245 1416 sine
262 1353 380 1437 quibus,
398 1353 534 1435 quamvis
550 1353 681 1434 egregia,
704 1352 834 1414 invalida
852 1365 932 1414 sunt.
978 1349 1048 1414 Non
1065 1351 1102 1413 ad
1119 1350 1182 1414 bel·

181 1440 244 1503 lnm
269 1460 335 1516 vos,
359 1447 420 1501 'neo
441 1439 478 1500 ad
503 1439 668 1522 pericnlum
686 1460 782 1502 voco:
806 1438 942 1501 omniurn
958 1437 1084 1500 militurn
1101 1458 1184 1500 arma

181 1526 338 1590 nobiscum
354 1538 434 1586 sunt.
481 1523 549 1588 Nec
565 1547 624 1587 una
639 1525 748 1588 cohors
762 1539 863 1607 togata
873 1523 1008 1587 defendit
1020 1545 1098 1587 nunc
1109 1523 1183 1586 Gal-

181 1613 263 1689 bam,
279 1611 332 1674 sed
349 1611 473 1674 detinet.
520 1609 601 1674 cum
622 1633 674 1674 vos
695 1611 859 1694 aspexerit,
883 1611 954 1674 crim
978 1611 1096 1692 signum
1119 1631 1183 1672 me·

182 1721 233 1762 um
253 1697 415 1781 acceperit,
443 1697 500 1760 hoc
523 1697 619 1760 solum
643 1697 698 1760 erit
713 1712 878 1773 certarnen,
904 1698 969 1782 quis
994 1695 1065 1758 mihi
1092 1696 1184 1778 pluri·

182 1807 265 1848 mum
283 1785 422 1867 imputet.
469 1782 579 1846 Nullus
591 1783 775 1847 cunctationi
791 1783 875 1846 locus
891 1783 979 1846 estin
995 1803 1033 1844 eo
1047 1782 1182 1858 consilio,

182 1871 263 1956 qnod
279 1891 337 1932 non
364 1883 462 1953 potest
477 1869 602 1948 laudari,
625 1870 680 1932 nisi
705 1868 883 1954 peractum!
930 1868 1057 1951 Aperite
1073 1868 1183 1931 deinde

183 1957 445 2021 armamentarium
464 1955 574 2041 jussit:
607 1971 693 2040 rapta
718 1962 817 2018 statim
842 1975 925 2018 arma
950 1956 1015 2018 siue
1042 1975 1126 2018 more
1152 1968 1184 2018 et

183 2045 287 2108 ordine
314 2043 435 2125 rnilitiae,
460 2057 492 2105 nt
516 2043 709 2126 praetorianus
738 2056 788 2104 aut
815 2042 995 2124 legionarius
1021 2041 1185 2124 Insignibus

183 2131 244 2194 suis
259 2131 511 2211 distingueretur:
537 2130 700 2192 miscentur
712 2129 904 2192 auxiliaribus
915 2129 1009 2211 galeis
1020 2129 1184 2212 scutisque.
1248 2155 1250 2160 ·

183 2215 278 2280 Nullo
293 2216 497 2280 Tribunorum
511 2214 772 2280 centurionumve
785 2216 974 2292 adhortante,
989 2215 1044 2278 sibi
1058 2216 1184 2300 quisque

183 2304 246 2366 dux
259 2317 290 2366 et
302 2303 473 2385 instigator:
491 2316 522 2369 et
534 2304 718 2388 precipuum
735 2303 933 2386 pessimorum
946 2302 1184 2380 incitamentum,

184 2389 264 2476 qndd
281 2390 349 2452 boni
368 2389 546 2452 maerebant.

227 2474 393 2540 XXXIX.
426 2475 497 2540 Jarn
512 2476 674 2540 exterritus
689 2476 762 2540 Piso
778 2474 895 2540 fremitu
911 2475 1115 2540 crebescentis
1136 2496 1185 2538 se·

184 2563 317 2638 ditionis,
333 2576 364 2626 et
381 2563 503 2625 vocibus
518 2562 547 2626 iu
563 2563 670 2626 urbem
686 2585 782 2647 usque
797 2563 1015 2640 resonantibus,
1030 2583 1185 2645 egressum

183 2649 302 2712 interim
319 2648 461 2726 Galbam,
485 2663 516 2712 et
531 2648 594 2712 foro
610 2651 915 2735 appropinquantem,
931 2664 1086 2712 assecutus
1101 2665 1183 2712 erat:

181 2735 245 2821 jam
261 2734 378 2800 Marius
394 2735 504 2798 Celsus
521 2736 600 2800 haud
624 2737 691 2800 laeta
707 2737 868 2800 retulerat:
893 2735 963 2802 oiim
980 2735 1040 2813 alii,
1064 2736 1115 2799 ‘in
1132 2758 1185 2820 pa-

185 2823 289 2886 latium
307 2822 403 2884 redire
415 2821 433 2898 ;'
458 2823 516 2898 alii,
541 2823 735 2906 ‘capitolium
754 2822 887 2905 petere3'
913 2822 1048 2906 plerique
1071 2829 1185 2886 ‘rostra

184 2907 382 2991 occupanda,’
393 2922 561 2986 censerent,
574 2909 673 2992 plures
684 2909 800 2972 tanturn
811 2909 967 2972 sententiis
978 2909 1103 2972 aliorum
1112 2929 1185 2974 con·

186 2995 379 3070 tradicerent,
395 3008 488 3076 utque
504 2996 605 3058 evenit
627 2997 656 3058 in
673 2996 802 3058 consiliis
819 2994 996 3072 infelicibus,
1012 2997 1126 3079 optima
1144 3002 1186 3060 vi-

186 3081 339 3153 derentur,
364 3099 489 3162 quorum
515 3093 635 3164 tempus
651 3081 808 3162 effugerat.
855 3081 996 3164 Agitfrssc
1021 3083 1117 3160 Laco,
1142 3085 1186 3165 ig-

186 3189 259 3230 naro
275 3163 386 3242 Galba,
410 3165 448 3226 de
464 3165 631 3230 occidendo
646 3166 688 3229 T.
703 3165 794 3230 Vinio
809 3169 927 3245 dicitur,
950 3169 1014 3231 sive
1037 3184 1070 3232 ut
1094 3169 1186 3252 paeni

188 3253 252 3339 ejus
275 3253 390 3318 animos
408 3253 534 3316 militum
551 3253 708 3332 mulceret,
734 3277 787 3317 seu
803 3256 957 3320 conscium
974 3254 1106 3320 Othonis
1120 3277 1186 3320 cre·

187 3341 289 3416 debat,
305 3339 342 3401 ad
361 3353 555 3422 postremum,
570 3341 617 3404 vel
629 3342 709 3404 odio.
757 3341 983 3406 Haesitationem
995 3343 1093 3406 attulit
1109 3357 1186 3406 tern-

189 3447 244 3510 pus
268 3447 302 3488 ac
325 3427 419 3502 locus,
444 3428 523 3510 quia,
547 3427 629 3490 initio
651 3429 740 3492 caedis
758 3443 834 3506 orto,
856 3428 983 3492 difficilis
1006 3429 1130 3492 modus:
1155 3445 1186 3495 et

187 3511 344 3576 turbavere
360 3513 517 3576 consilium
533 3514 641 3597 trepidi
657 3516 750 3578 nuntii
774 3537 809 3576 ac
833 3515 1036 3597 proximorum
1053 3516 1186 3597 diffugia,

188 3599 397 3680 languentibus
413 3601 546 3664 omnium
563 3601 678 3680 studiis,
694 3602 743 3686 qui
760 3601 856 3685 prirnb
868 3602 981 3666 alacres
992 3603 1081 3666 fidem
1095 3619 1186 3689 atque

20 3689 22 3730 ἕ
188 3687 321 3750 animum
337 3700 572 3751 ostentaverant.

233 3771 307 3834 XL.
333 3773 488 3856 Agebatur
504 3774 562 3837 buc
579 3774 649 3838 illuc
672 3772 781 3850 Galba,
804 3775 884 3838 vario
900 3775 992 3837 turbae
1014 3774 1185 3842 fluctuantis

189 3858 339 3943 impulsu:
364 3860 521 3945 completis
548 3861 679 3947 undique
704 3861 831 3925 basilicis
855 3882 891 3926 ac
915 3861 1046 3946 templis,
1069 3864 1185 3946 lugubri
