2516 4250
101 274 146 338 A.
163 271 204 337 C.
221 273 292 357 69.]
386 272 530 338 Hieros.
554 273 630 339 Lm.
655 275 846 340 Sncuuous.
1066 280 1108 340 57

106 435 228 500 secere:
253 437 426 502 vulneratur
451 459 507 502 rex
537 436 727 524 Epiphanes,
751 438 877 524 impigre
907 461 962 524 pro
985 439 1109 505 Othone

107 543 241 610 pugnam
258 545 351 586 ciens.

153 607 275 673 XXVI.
299 610 382 673 Tum
398 610 587 675 Othonianus
602 612 822 696 pedeserupit:
844 611 967 697 protriti
982 613 1110 678 hostium

107 695 186 773 acie,
202 698 279 759 versi
295 697 324 759 in
341 695 453 780 sugam,
470 699 559 760 etiam
572 699 621 783 qui
638 700 876 778 subveniebant3
900 720 968 762 uam
985 699 1110 764 Caeciua

106 806 169 847 non
185 784 271 846 simul
288 783 438 860 cohortes,
450 784 503 848 sed
517 785 646 868 singulas
662 785 830 848 acciverat:
853 807 918 869 quae
935 787 1022 850 resin
1037 810 1111 870 prae·

107 871 150 934 lio
165 871 395 953 trepidationem
411 871 502 946 auxit,
515 871 585 933 cum
602 872 761 955 dispersos,
775 893 831 934 nec
848 894 973 955 usquam
986 874 1110 950 validos,

107 977 204 1042 pavor
215 955 387 1038 fugientium
401 957 560 1040 abriperet.
604 957 679 1021 Orta
691 974 719 1022 et
735 961 763 1020 in
780 959 884 1021 castris
899 959 1015 1035 seditio,
1024 959 1110 1044 'qubd

106 1065 169 1107 non
192 1044 321 1105 universi
345 1044 540 1106 ducerentur.
583 1041 903 1114 VinctusPraelectus
933 1063 1109 1124 castrorum,

109 1129 210 1194 Julius
234 1129 355 1206 GratuS,
379 1137 541 1213 ‘tanquam
564 1127 656 1206 fratri,
681 1131 759 1215 apud
787 1131 946 1193 Othonem
966 1133 1109 1210 militanti,

108 1216 310 1302 proditionem
326 1231 429 1298 ageret
440 1215 458 1277 :’
481 1215 551 1278 cirm
563 1215 683 1280 fratrem
700 1219 774 1302 ejus,
786 1216 899 1280 Julium
913 1217 1109 1296 Frontonem,

108 1302 292 1378 Tribunum,
310 1302 470 1365 Othoniani
486 1303 541 1365 sub
557 1305 667 1366 eodem
687 1305 812 1366 crimine
828 1305 1000 1369 vinxissent.
1046 1305 1111 1369 Ce-

109 1389 208 1464 terum
225 1410 260 1451 ea
277 1389 387 1472 ubique
403 1387 530 1452 formido
553 1388 607 1453 suit
630 1392 708 1474 apud
734 1390 890 1474 fugientes,
906 1407 1110 1470 occursantes,

109 1477 141 1539 in
153 1477 229 1551 acie,
247 1475 401 1559 provallo,
417 1492 460 1551 ut,
477 1476 591 1538 ‘deleri
607 1497 677 1538 cum
702 1478 839 1539 universo
862 1479 996 1541 exercitu
1013 1480 1111 1540 Caci·

107 1583 181 1626 nam
208 1562 349 1646 potuisse,
372 1561 402 1623 ni
425 1561 586 1625 Suetonius
608 1561 752 1624 Paulinus
774 1564 907 1646 receptui
932 1563 1112 1641 cecinisset,'

111 1649 244 1732 utrisque
260 1649 288 1710 in
306 1648 436 1732 partibus
452 1649 666 1732 percrebuerit.
712 1647 885 1710 ‘Timuisse
898 1649 952 1724 se,’
966 1649 1111 1714 Paulinus

111 1735 238 1811 serebat,
254 1734 526 1817 ‘tantuminsuper
545 1734 654 1796 laboris
677 1755 713 1796 ac
736 1735 857 1810 itineris,
878 1757 915 1796 ne
934 1733 1111 1800 Vitellianus

110 1823 208 1898 miles,
233 1843 341 1884 recens
367 1842 384 1882 e
410 1821 524 1897 castris,
548 1818 644 1884 sessos
667 1821 890 1903 aggrederetur,
914 1835 944 1882 et
967 1823 1111 1904 perculsis

111 1908 227 1974 nullum
244 1925 322 1971 retro
338 1906 501 1970 subsidium
518 1905 594 1970 soret
606 1906 625 1968 ε’
650 1909 728 1991 apud
746 1927 858 1991 paucos
873 1928 909 1970 ea
924 1906 1022 1971 Ducis
1037 1909 1111 1972 ratio

112 1995 248 2081 probata,
265 1995 293 2056 in
310 1994 415 2076 vulgus
430 1993 557 2056 adverso
570 1993 690 2056 rumore
707 1993 769 2057 luit.

158 2079 297 2143 XXVll.
323 2077 414 2163 Haud
431 2080 554 2162 p'erinde
570 2080 599 2143 id
614 2081 757 2144 damnum
767 2079 941 2145 Vitellianos
956 2082 984 2144 iu
995 2097 1109 2146 metum

112 2167 269 2248 compulit,
286 2165 375 2250 quam
392 2166 428 2228 ad
446 2167 622 2230 modestiam
640 2169 828 2251 composuit:
851 2189 907 2230 nec
923 2168 1018 2232 solum
1032 2168 1112 2250 apud

113 2253 281 2327 Caecinam,
306 2253 355 2335 qui
371 2253 511 2338 ‘culpam
535 2254 563 2315 iu
588 2255 721 2316 militem'
745 2254 928 2328 conserebat,
952 2255 1110 2317 ‘seditioni

109 2335 207 2422 magis
223 2338 313 2422 quam
325 2339 423 2420 praelio
436 2355 571 2423 paratum
586 2340 604 2402 :'
629 2339 715 2402 Fabii
733 2361 852 2424 quoque
868 2339 1003 2403 Valentis
1014 2340 1109 2422 copiae

113 2425 195 2510 (jam
219 2426 298 2486 euim
314 2423 456 2488 Ticinum
474 2425 609 2510 venerat)
627 2427 723 2508 posito
745 2428 872 2490 hostium
896 2441 1058 2500 contemtu,
1082 2441 1113 2490 et

111 2511 313 2594 recuperandi
329 2512 447 2575 decoris
462 2513 613 2597 cupidine,
629 2513 813 2575 reverentius
828 2527 858 2575 et
873 2513 1013 2596 aequalids
1030 2511 1112 2574 Duci

112 2598 268 2682 parebant.
316 2596 424 2660 Gravis
446 2598 575 2682 alioquin
598 2599 704 2660 seditio
720 2614 882 2674 exarserat,
899 2619 987 2682 quam
1010 2599 1111 2661 altiore

111 2684 194 2748 initio
211 2685 416 2766 (nequeenim
432 2705 531 2746 rerum
544 2705 559 2745 a
570 2683 695 2746 Caeciud
710 2700 859 2767 gestarum
870 2685 1005 2746 ordinem
1022 2684 1112 2746 iuter·

110 2770 211 2854 rumpi
238 2773 423 2853 oportuerat)
448 2786 594 2853 repetam.
640 2769 791 2832 Cohortes
812 2769 1008 2846 Batavorum,
1038 2790 1112 2853 quas

111 2856 193 2920 bello
209 2855 340 2918 Neronis
356 2877 373 2917 a
396 2854 623 2939 quartidecimi
644 2856 761 2938 legione
777 2857 936 2938 digressas,
952 2856 1022 2918 cirm
1044 2855 1113 2918 Bri·

111 2943 244 3006 tanniam
259 2956 405 3025 peterent,
418 2943 519 3005 audito
533 2941 645 3004 Vitellii
660 2959 754 3018 motu,
765 2943 792 3004 iu
803 2943 921 3004 civitate
938 2941 1110 3024 Lingonum

113 3027 213 3091 Fabio
238 3027 357 3091 Valenti
382 3028 537 3113 adjunctas
563 3029 726 3104 retulimuS,
757 3027 886 3111 superbe
912 3029 1039 3110 agebant
1048 3050 1058 3107 ;
1080 3043 1113 3092 ut

113 3114 260 3199 cujusque
277 3115 400 3197 legionis
410 3115 535 3178 tentoria
548 3115 753 3190 accessissent,
770 3122 778 3151 ‘
791 3114 938 3176 coercitos
950 3135 966 3174 a
979 3135 1011 3176 se
1024 3135 1113 3197 quar-

111 3202 331 3276 tadecimanos,
348 3201 475 3264 ablatam
500 3199 614 3263 Neroni
636 3199 760 3277 ltaliam,
786 3217 876 3284 atque
896 3222 1017 3263 omnem
1043 3200 1112 3262 belli

113 3286 262 3350 fortunam
279 3289 306 3348 in
325 3288 455 3369 ipsorum
478 3308 568 3348 manu
592 3287 700 3363 sitam,'
720 3287 879 3372 jactantes.
925 3286 1114 3350 Contumeli-

112 3395 200 3436 osum
218 3373 245 3434 id
263 3373 412 3449 militibus,
426 3373 568 3435 acerbum
582 3372 685 3435 Duci:
708 3390 846 3456 corrupta
858 3372 964 3458 jurgiis
975 3388 1025 3436 aut
1041 3373 1113 3436 rixis

113 3459 289 3543 disciplinas
312 3460 349 3520 ad
368 3474 551 3543 postremum
566 3457 680 3522 Valens
695 3481 712 3522 e
736 3458 899 3544 petulantib
913 3460 1003 3522 etiam
1024 3458 1113 3542 perfi-

113 3545 195 3608 diam
212 3546 414 3627 suspectabat.

158 3629 312 3694 XXVlll.
337 3630 541 3713 lgituruuntio
553 3631 651 3708 allato,
668 3639 676 3669 ‘
691 3633 804 3715 pulsam
817 3631 1021 3694 Treverorum
1035 3631 1112 3694 alam

112 3715 317 3801 Tungrosque
333 3737 350 3778 a
366 3718 461 3780 classe
477 3716 606 3781 Othonis
618 3733 647 3781 et
663 3718 893 3781 Narbonensem
910 3717 1038 3779 Galliam
1055 3718 1113 3779 cir·

112 3804 220 3867 cumiri
231 3803 250 3881 ;'
275 3803 361 3866 simul
377 3801 451 3866 curti
466 3803 563 3867 socios
579 3805 680 3867 tuendi
704 3818 735 3868 et
758 3804 874 3868 militari
890 3819 955 3868 astu
973 3803 1113 3866 cohortes
