2556 4446
557 339 742 406 Acnrconr.
787 327 801 368 ³
1077 343 1151 408 u235

151 521 225 587 tate,
241 505 295 571 sed
311 505 402 570 etiam
402 505 640 606 opportunitate
664 506 766 570 mortis
785 501 834 592 (ut
849 505 1022 592 perbibent,
1036 509 1085 594 qui
1109 509 1154 574 in-

151 594 318 659 terfuerunt
339 593 508 658 novissimis
529 593 718 658 sermonibus
742 591 815 678 tuis)
836 609 975 658 constans
1000 609 1031 657 et
1056 596 1153 662 libens

151 680 247 748 satum
268 681 437 766 excepisti,
459 693 602 766 tanquam
626 702 681 762 pro
698 681 770 743 virili
794 681 929 764 portione
951 681 1153 746 innocentiam

152 767 287 868 Principi
303 768 441 832 donares.
486 767 549 832 Sed
572 767 645 830 mihi
669 761 807 872 filiaeque,
831 781 937 852 preter
959 767 1153 834 acerbitatem

175 855 284 920 arentis
300 855 406 939 erepti,
430 868 520 940 auget
535 854 718 954 moestitiam‚
736 853 815 939 qubd
833 853 962 919 assidere
979 855 1153 935 valetudini,

152 878 257 1006 lovere
273 941 476 1018 deficientem,
499 941 597 1006 satiari
613 941 706 1018 vultu,
730 941 906 1025 complexu,
928 963 988 1006 noo
1009 941 1154 1042 contigit:

153 1029 382 1114 excepissemus
397 1027 481 1092 certe
496 1027 638 1092 mandata
653 1049 816 1112 vocesque,
829 1049 902 1113 quas
918 1029 1038 1112 penitus
1052 1030 1154 1094 animo

152 1116 323 1199 figeremus.
370 1114 483 1180 Noster
498 1115 548 1178 bic
570 1115 666 1191 dolor,
687 1129 822 1178 nostrum
839 1115 966 1180 vulnus:
991 1115 1076 1180 nobis
1092 1131 1154 1180 tam

153 1203 251 1286 longa
267 1202 408 1266 absentie
430 1201 601 1266 conditione
621 1214 691 1264 ante
714 1201 942 1302 quadriennium
964 1203 1090 1266 amissus
1108 1225 1153 1272 es.

154 1287 304 1352 Omnia
282 1311 346 1354 stne
362 1289 464 1367 dubio,
480 1289 593 1390 optime
608 1303 779 1374 parentum,
791 1287 941 1352 assidente
953 1289 1156 1354 amantissima

154 1395 261 1454 uxore,
277 1375 453 1462 superfuere
470 1376 575 1440 honori
591 1389 665 1482 tuq:
687 1376 878 1461 paucioribus
899 1389 1000 1440 tamen
1015 1377 1155 1462 lacrymis

20 1532 25 1548 ,
153 1464 338 1548 compositus
363 1485 408 1543 es,
428 1477 460 1528 et
483 1461 646 1580 novissima
667 1462 696 1526 in
719 1464 788 1527 luce
809 1463 1020 1562 desideravere
1043 1463 1156 1550 aliquid
1263 1475 1264 1494 ¹

14 1591 16 1598 ·
131 1549 233 1614 roculi
250 1551 303 1614 tui

199 1635 324 1700 XLIV.
348 1621 463 1720 Siquis
486 1635 603 1718 piorum
625 1631 767 1697 Manibus
787 1635 890 1712 locus3
913 1635 1155 1718 si,utsapienti-

154 1722 211 1786 bus
223 1723 345 1822 placet,
350 1743 408 1785 non
425 1743 496 1784 cum
511 1741 639 1804 corpore
655 1721 884 1802 exstinguuntur
898 1743 1013 1805 magne
1029 1722 1154 1784 animae.

154 1807 273 1906 placide
297 1807 444 1892 quiescas,
467 1829 521 1870 nos
545 1827 593 1885 ue,
616 1806 741 1869 domum
762 1821 855 1884 tuam,
879 1807 916 1870 ab
937 1808 1054 1872 infirmo
1074 1807 1154 1871 desi-

153 1892 249 1970 derio,
266 1907 297 1958 et
314 1894 507 1957 muliebribus
524 1828 679 1970 lamentis,
695 1891 732 1956 ad
755 1893 1042 1978 contemplationem
1064 1894 1155 1959 virtu·

155 1994 219 2044 tum
236 1994 353 2044 tuarum
371 1971 472 2058 voces,
476 2001 562 2084 quas
574 2001 673 2064 neque
689 1979 794 2064 lugeri,
807 2001 906 2067 neque
918 1979 1017 2065 plangi
1034 1979 1077 2044 sas
1092 1995 1154 2046 est:

156 2065 351 2131 admiratione
376 2083 404 2131 te
422 2067 531 2152 potitis,
555 2088 644 2153 quarn
668 2067 882 2152 temporalibus
905 2069 1053 2146 laudibus,
1069 2083 1109 2146 et,
1130 2068 1155 2132 si

63 2204 66 2208 -
154 2167 260 2220 natura
268 2143 457 2254 suppeditet,
470 2155 660 2218 aernulatrone
670 2155 860 2219 decoremus
906 2153 935 2218 Is
948 2175 1035 2218 verus
1047 2156 1153 2232 honos,

155 2240 442 2326 saconjunctissimi
465 2240 612 2328 cujusque
635 2243 740 2327 pietas
787 2241 821 2305 ld
843 2241 908 2306 filiae
931 2263 1155 2340 quoque,uxo·
1200 2262 1203 2268 ·
1263 2255 1264 2266 ¹

155 2329 239 2412 rique
256 2324 499 2413 praeeperisn‚
477 2350 519 2392 src
535 2329 634 2428 patris,
648 2329 690 2392 sic
706 2328 802 2390 mariti
815 2329 989 2391 memoriam
1007 2326 1162 2410 venerari,
1263 2323 1264 2332 ’

156 2429 188 2478 ut
202 2415 303 2478 omnia
318 2414 396 2478 lacta
419 2415 561 2514 dictaque
581 2413 658 2518 ejus
668 2435 773 2477 secrrm
796 2413 962 2490 revolvant,
983 2405 1154 2499 famamque

22 2565 28 2578 ,
156 2521 192 2564 ac
221 2501 346 2584 figuram
371 2502 461 2566 animi
485 2497 580 2586 magis
603 2523 694 2601 quam
717 2499 863 2586 corporis,
893 2461 1154 2584 complectantur:

14 2635 18 2654 .
111 2581 126 2638 l
156 2576 566 2675 nonquiaiutercedendum
590 2602 692 2673 putem
716 2587 986 2687 imaginibusque
1007 2608 1156 2650 marmore
1263 2631 1264 2668 ,

18 2683 29 2706 ’·
157 2689 283 2740 autaere
304 2667 472 2770 finguntur:
496 2675 549 2740 sed
573 2689 606 2739 ut
629 2676 728 2739 vultus
751 2673 975 2751 hominum,ita
997 2673 1157 2742 simutsera
1263 2725 1264 2754 ι

157 2763 259 2827 vultris
274 2757 425 2827 imbecilla
450 2785 486 2826 ac
509 2761 643 2842 mortalia
665 2775 752 2838 sunt;
776 2760 869 2824 sorma
894 2761 1002 2825 mentis
1024 2777 1156 2826 aterna:
1263 2761 1264 2834 ζ

157 2869 247 2934 quam
263 2863 367 2912 tenere
383 2861 414 2910 et
437 2848 620 2931 exprimere,
642 2869 702 2910 nou
727 2869 780 2930 per
800 2847 928 2910 alienam
951 2849 1105 2910 materiam
1126 2863 1157 2913 et
1262 2871 1264 2880 ’

157 2949 263 3012 artem,
286 2935 339 2998 sed
356 2934 414 2996 tuis
434 2935 498 3018 ipse
515 2933 657 3009 moribus,
681 2933 787 3034 possis.
832 2932 986 3019 Quicquid
1009 2955 1050 2996 ert
1066 2935 1156 3017 Agri-

157 3019 225 3084 colit
240 3021 415 3098 amavimus,
432 3020 572 3105 quicquid
597 3019 691 3083 mirati
715 3041 829 3120 sumus,
846 3035 947 3083 manet
969 3041 1157 3084 mansurum·
1263 3067 1264 3072 η

158 3121 279 3192 quaest
299 3107 327 3170 in
344 3107 450 3170 animis
466 3107 656 3184 hominum,
648 3129 677 3170 m
695 3108 859 3170 aeternitate
879 3122 1060 3192 temporum,
1076 3105 1157 3172 samri

156 3214 267 3258 rerum.
313 3193 394 3256 Nam
411 3195 519 3258 multos
536 3209 685 3271 veterum,
703 3195 784 3257 velut
800 3194 941 3276 inglorios
953 3209 983 3256 et
999 3193 1156 3275 ignobiles,

158 3279 270 3343 oblivio
292 3280 420 3343 obruet:
446 3281 598 3365 Agricola,
623 3281 787 3366 posteritati
817 3295 951 3345 narratus
981 3294 1012 3344 et
1033 3278 1156 3346 traditus
1263 3295 1264 3344 l

158 3379 311 3452 superstes
326 3367 392 3431 erit.
