2516 4250
132 212 176 276 54
438 211 477 276 C.
494 170 600 276 Corra.
618 211 744 276 Tacrrr
922 213 975 296 [A.
992 211 1036 277 U.
1053 215 1133 278 822.

176 372 253 438 XX.
278 375 320 438 At
346 373 479 452 Caecina,
507 375 591 438 velut
613 375 721 438 relicta
745 389 813 462 post
837 377 935 477 Alpes
961 377 1076 440 saevitia
1102 399 1139 440 ac

134 460 266 562 licentia,
290 462 428 524 modesto
451 463 570 546 agmine
596 485 650 545 per
666 463 816 528 ltaliam
810 465 941 527 incessit.
987 463 1138 526 Ornatam

134 548 228 632 ipsius
245 548 405 632 municipia
430 563 461 611 et
483 549 630 611 colonie
623 571 653 611 m
668 551 837 631 superbiam
855 551 1031 614 trahebant:
1056 549 1139 634 qudd

136 635 316 698 versicolore
332 635 448 716 sagulo,
464 635 597 711 braccas,
613 651 734 718 tegmen
752 637 921 736 barbarpm,
937 637 1069 712 indutus,
1094 649 1141 698 to-

136 735 221 803 gatos
251 721 464 821 alloqueretur.
523 721 661 784 Uxorem
693 743 813 822 quoquc
843 721 920 807 ejus,
953 722 1140 798 Saloninam,

136 828 307 892 quanquam
335 808 364 870 in
388 808 519 870 nullius
513 808 648 893 injuriam
665 809 782 908 insigni·
794 831 874 892 equo
889 823 1030 892 ostroque
1047 809 1141 870 vehe-
1225 845 1226 848 =

136 909 227 970 retur,
252 909 394 979 tanquam
412 895 471 957 laesi
487 897 704 974 gravabantur:
730 894 817 958 insitis
833 895 1006 958 mortalibus
1022 893 1140 971 natura,

137 996 292 1044 recentem
315 982 440 1044 aliorum
457 981 629 1044 felicitatem
646 981 730 1062 aegris
745 982 861 1044 oculis'
855 981 1061 1064 introspicere,
1078 1001 1143 1042 ma·

137 1066 271 1151 dumque
284 1067 408 1130 fortune
423 1089 441 1130 a
456 1068 544 1130 nullis
560 1065 654 1148 magis
670 1068 803 1147 exigere,
816 1067 905 1151 quam
923 1067 1038 1150 quasin
1055 1087 1142 1150 equo
1225 1113 1226 1116 ,

137 1152 252 1218 videre.
298 1152 432 1228 Caecina,
456 1153 576 1216 Padum
592 1169 803 1234 transgressus,
822 1153 938 1216 tentata
953 1151 1144 1216 Othoniano·

138 1261 203 1304 rum
220 1239 279 1302 fide
296 1261 350 1323 per
371 1241 555 1324 colloquium
572 1255 602 1302 et
619 1242 774 1322 promissa,
799 1240 904 1302 iisdem
922 1240 1043 1324 petitus,
1061 1252 1143 1322 post·

138 1347 228 1410 quam
246 1344 305 1408 pax
321 1341 352 1390 et
367 1327 528 1390 eoncordia
543 1327 685 1410 speciosis
701 1341 732 1389 et
748 1327 833 1390 irritis
849 1326 1017 1388 nominibus
1029 1324 1144 1410 jactata

137 1427 218 1488 sunt,
230 1413 354 1476 consilia
369 1434 516 1497 curasque
532 1414 562 1476 in
578 1413 834 1496 oppugnationem
852 1411 1016 1474 Placentiae
1032 1432 1143 1492 magno

138 1512 251 1562 terrore
269 1500 376 1562 vertit:
401 1521 522 1583 gnarus,
548 1513 582 1562 ut
604 1499 686 1562 initia
702 1499 771 1562 belli
789 1499 1008 1583 provenissent,
1032 1497 1143 1560 famam

139 1585 170 1648 iu
185 1600 287 1648 cetera
303 1585 378 1648 fore.

182 1669 277 1734 XXl.
299 1672 363 1736 Sed
380 1673 493 1757 primus
504 1672 592 1736 dies
584 1687 699 1756 impetu
717 1669 821 1773 magis,
834 1672 924 1757 quiam
941 1671 1075 1736 veterani
1087 1691 1144 1735 ex·

140 1756 252 1826 eroitds
275 1760 398 1860 artibus,
424 1775 608 1824 transactus.
640 1761 735 1844 aperti
766 1760 937 1858 incautique
964 1779 1064 1822 muros
1094 1778 1145 1820 su·
1225 1795 1226 1798 =

140 1843 233 1920 hiere,
248 1845 360 1908 cibo
333 1865 464 1930 vanoque
481 1867 657 1930 praegraves.
704 1844 739 1908 ln
755 1867 794 1908 eo
810 1845 986 1922 certamine,
1004 1843 1144 1926 pulcher·

139 1931 249 1994 rimum
265 1932 477 2014 amphitheatri
493 1955 580 2015 opus,
596 1933 685 1995 situm
702 1945 790 1996 extra
804 1953 916 2008 muros,
928 1929 1142 2012 conflagravit.
1225 1987 1226 2000 ,

139 2017 204 2079 sive
224 2016 263 2078 ab
277 2019 556 2118 oppugnatoribus
550 2039 717 2094 incensum,
738 2019 809 2081 dum
827 2018 907 2082 faces
922 2031 953 2080 et
968 2017 1093 2100 glandes
1107 2037 1144 2079 ac

140 2103 306 2166 missilem
298 2125 400 2185 ignem
427 2106 456 2168 in
479 2106 620 2168 obsessos
629 2104 820 2190 jaculantur
850 2106 914 2168 sive
940 2105 978 2167 ab
1004 2103 1144 2180 obsessis,
1225 2141 1226 2168 a

140 2189 213 2252 dum
225 2203 335 2252 retorta
351 2190 500 2272 ingerunt.
546 2191 732 2274 lllunicipale
749 2192 867 2273 vulgus,
884 2212 1010 2275 pronum
1027 2189 1065 2252 ad
1080 2209 1146 2252 sus·
1225 2185 1226 2192 '

142 2276 287 2360 picicnes,
305 2275 408 2340 fraude
425 2279 528 2341 illata
521 2279 596 2360 ignis
608 2279 750 2341 alimenta
761 2278 888 2341 credidit
903 2299 920 2340 a
937 2276 1146 2377 quibusdame

142 2363 248 2426 vicinis
261 2363 396 2441 coloniis,
413 2363 526 2428 invidia
540 2379 569 2428 et
586 2365 786 2440 emulatione,
803 2363 883 2448 quod
906 2364 1018 2427 nulla
1011 2385 1040 2426 nr
1059 2361 1147 2424 Italia

141 2449 325 2514 molestam
351 2471 451 2534 capax
475 2451 569 2514 foret·
606 2473 798 2536 quocumque
824 2472 895 2514 casu
923 2450 1043 2527 accidit,
1073 2448 1146 2512 dum

143 2537 288 2600 atrociora
305 2538 548 2616 metuebantur,
542 2559 570 2601 na
587 2539 647 2600 levi
664 2539 817 2600 habitum:
842 2537 959 2600 redditb
973 2536 1146 2612 securitate,

143 2635 287 2707 tanquam
310 2625 381 2687 nihil
405 2631 524 2707 gravius
548 2625 609 2710 pati
627 2626 803 2708 potuissent,
827 2625 1006 2688 moerebant
1052 2621 1148 2686 Cete-

143 2709 209 2776 rftm
228 2709 322 2772 multo
337 2731 458 2775 suorum
473 2734 579 2776 cruore
598 2713 699 2794 pulsus
715 2710 857 2774 Cacina.
882 2725 912 2772 et
928 2732 990 2774 nox
1007 2709 1145 2808 parandis

144 2797 286 2882 operibus
311 2813 452 2860 assumta.
497 2797 650 2860 Vitelliani
669 2798 786 2881 pluteos
809 2811 967 2880 cratesque
991 2811 1022 2858 et
1046 2796 1148 2858 vineas

145 2883 340 2946 suffodiendis
357 2885 458 2982 muris,
475 2884 728 2968 protegendisque
744 2884 1022 2966 oppugnatoribus,
1049 2880 1149 2946 Otho·

144 2969 224 3032 uiant
217 2970 330 3032 sudes
346 2984 376 3032 et
393 2970 553 3034 immensas
569 2971 702 3053 lapidum
719 2992 754 3032 ac
770 2970 883 3054 plumbi
900 2971 1024 3054 erisque
1041 2969 1148 3046 moles,

146 3055 364 3139 perfringendis
376 3057 596 3142 obruendisque
610 3059 753 3132 hostibus,
767 3057 944 3140 expediunt
987 3054 1150 3140 Utrimque

145 3143 253 3226 pudor,
270 3143 420 3226 utrimque
435 3145 538 3225 gloria,
561 3159 592 3205 et
608 3143 732 3206 diversae
748 3145 985 3218 exhortationes,
1000 3143 1070 3206 binc
1086 3143 1152 3206 ‘le-

147 3230 269 3310 gionum
293 3244 324 3292 et
340 3227 513 3293 Germanici
529 3229 681 3293 exercitus
697 3229 807 3306 robur,
835 3231 904 3293 inde
932 3190 1070 3292 ‘uibenae
1094 3230 1151 3292 mi·

147 3315 216 3382 litiae
244 3330 274 3378 et
299 3315 508 3380 Praetoriarum
532 3317 700 3380 cohortium
724 3317 827 3380 decus’
855 3317 1074 3380 attollentium:
1108 3317 1151 3379 illi

148 3407 200 3466 ‘ut
215 3424 338 3486 segnem
356 3425 391 3465 ac
403 3403 537 3466 desidem
554 3419 585 3466 et
599 3404 680 3467 circo
695 3425 730 3466 ac
746 3404 868 3466 theatris
884 3418 1058 3486 corruptum
1076 3403 1153 3466 mili·

145 3489 240 3566 tam3’
273 3490 334 3551 hi‘
349 3492 538 3572 peregrinum
566 3505 597 3554 et
623 3490 794 3553 externum'
821 3491 1035 3574 increpabant:
1059 3489 1150 3553 simul

147 3573 304 3638 Othonem
320 3597 355 3638 ac
373 3574 541 3681 Vitellium,
564 3578 752 3640 celebrantes
775 3577 983 3660 culpantesve,
1006 3577 1152 3641 uberiori·

146 3661 225 3726 bus
218 3677 295 3726 mter
308 3683 342 3726 se
355 3664 467 3747 probris
480 3685 570 3750 quam
587 3665 723 3772 laudibus
734 3663 974 3728 stimulabantur
