2508 4254
128 233 169 296 A.
186 231 226 296 C.
243 193 317 317 69.]1
424 231 569 298 Hrsaoa.
594 232 669 297 Lis.
694 233 860 298 Tartarus.
1070 239 1129 301 121
1172 284 1173 288 ,

131 397 327 474 Consulatus,
345 411 377 460 ut
392 411 435 462 tot
447 399 574 480 egregie
587 397 694 461 domds
706 399 834 462 honores
847 399 981 477 deceret,
993 399 1136 483 despera·

130 487 212 549 tione
228 485 336 547 saltem
358 485 387 547 in
411 485 566 548 audaciam
590 487 814 568 accingeretur:
839 502 972 570 perstare
995 488 1133 568 militem,

130 593 288 656 superesse
298 572 396 635 studia
412 573 526 657 populi.
559 572 701 658 Denique
714 574 785 636 nihil
798 575 928 638 atrocius
941 589 1133 654 eventurum,

130 659 221 744 quarn
238 659 266 722 in
284 659 363 743 quod
379 675 486 744 sponte
501 676 606 723 ruant:
631 661 819 723 moriendum
836 662 930 738 victis,
944 663 1133 726 moriendum

129 747 260 809 deditis:
285 747 314 808 id
337 747 433 809 solum
458 745 579 822 referre,
605 747 798 832 novissimum
821 749 956 832 spiritum
982 770 1035 832 per
1058 749 1134 814 ludi·

131 834 228 896 brium
245 847 276 895 et
291 834 488 898 contumelias
503 833 670 910 effundant,
687 855 724 897 an
739 857 792 918 per
808 834 970 898 virtutem!

175 918 314 984 LXVIl.
339 921 443 984 Surdae
466 921 504 984 ad
528 920 613 984 sortia
636 922 760 985 consilia
776 920 902 985 Vitellio
924 944 1022 986 aures.
1068 921 1134 986 Ob·

129 1007 273 1070 ruebatur
290 1008 406 1070 animus
433 1009 621 1071 miseratione
644 1007 789 1094 eurique,
804 1031 854 1086 ne,
872 1009 1072 1093 pertinacibus
1088 1031 1134 1073 ar·

128 1095 197 1171 mis,
228 1093 326 1156 minus
351 1095 528 1178 placabilem
558 1096 702 1159 rictorem
732 1096 915 1182 relinqueret
944 1095 1066 1181 conjugi
1096 1117 1133 1160 ac

129 1181 241 1245 liberis.
288 1180 363 1246 Erat
377 1182 417 1245 illi
433 1197 465 1246 et
475 1181 553 1247 sessa
569 1199 653 1247 etate
672 1204 780 1264 parens
790 1205 798 1261 ;
823 1205 887 1268 quaa
900 1198 1012 1260 tamen,
1030 1184 1134 1266 paucis

129 1267 334 1346 assedimus,
357 1268 530 1352 opportunis
553 1289 648 1333 morte
671 1270 823 1334 excidium
847 1269 954 1334 dormis
978 1271 1132 1353 prevenit,
1237 1279 1238 1282 ’

127 1354 200 1418 nibil
217 1354 391 1440 Principem
407 1356 458 1419 filii
473 1373 621 1434 assecuta,
632 1357 687 1419 nisi
703 1357 818 1420 luctum
834 1372 864 1420 et
880 1357 991 1420 borram
1007 1356 1130 1420 lamam.

128 1440 368 1516 Quintodecirno
384 1441 538 1506 Kalendas
553 1443 688 1506 Januarii
704 1443 807 1506 auditd
822 1443 992 1506 desectione
1008 1444 1134 1524 legionis

127 1529 368 1614 cohortiumque,
396 1551 461 1616 qnae
487 1551 520 1592 se
548 1529 668 1593 Narniae
695 1530 883 1606 dediderant,
908 1529 991 1612 pullo
1021 1530 1132 1594 amictu

129 1615 241 1699 palatio
256 1615 438 1698 degreditur,
450 1615 559 1680 rnoestb
572 1617 685 1679 circum
702 1615 826 1679 familiai.
872 1615 969 1678 Simul
984 1615 1134 1679 ferebatur

129 1701 271 1766 lecticulai
287 1703 428 1785 parvulus
449 1703 536 1780 filius,
554 1703 681 1766 velutin
698 1701 853 1766 funebrem
871 1723 1026 1786 pompam⁴
1070 1700 1135 1766 Vo-

128 1809 181 1853 ces
198 1789 299 1874 populi
315 1789 430 1852 blande
446 1805 477 1852 et
493 1789 735 1874 intempestivae:
758 1789 842 1851 miles
857 1789 966 1852 minaci
981 1788 1111 1852 silentio.

172 1874 332 1940 LXVlll.
354 1875 423 1940 Nec
447 1877 603 1962 quisquam
628 1874 706 1938 adeb
728 1897 828 1938 rerum
853 1876 1051 1938 humanarum
1077 1876 1134 1938 im·

128 1983 255 2040 mernor,
283 1985 374 2048 quem
404 1985 464 2026 non
494 1977 701 2027 commoveret
731 1963 782 2025 illa
812 1961 924 2025 facies:
956 1961 1133 2028 Romanurn

128 2048 316 2134 Principem,
333 2064 365 2113 et
380 2050 498 2132 generis
515 2051 636 2114 humaui
653 2048 745 2134 pauli)
760 2048 830 2112 autb
846 2049 1013 2127 dominum,
1028 2049 1134 2114 relictai

129 2133 330 2200 sonunaesuae
346 2137 432 2214 sede,
448 2157 501 2221 per
525 2137 680 2221 populum,
704 2157 759 2220 per
778 2136 895 2212 urbem,
918 2137 1001 2198 exire
1017 2137 1056 2198 ds
1073 2135 1134 2198 lm-

128 2223 224 2305 perio.
270 2219 354 2285 Nihil
381 2223 442 2285 tale
470 2223 617 2296 viderant,
643 2223 715 2284 nihil
746 2223 913 2284 audierant.
959 2221 1134 2307 Repentina

127 2307 173 2370 vis
192 2305 382 2369 Dictatorern
404 2304 557 2370 Cererem
573 2321 782 2390 oppresserat3
805 2308 930 2371 occulte
954 2307 1065 2371 Caium
1088 2309 1133 2372 in·

127 2391 226 2455 sidiae:
252 2407 361 2454 noaret
384 2392 519 2474 ignotum
541 2413 591 2454 rus
611 2391 711 2474 lugam
739 2392 871 2456 Neronis
893 2394 1131 2460 absconderant:

128 2477 203 2542 Piso
217 2495 248 2542 et
263 2477 363 2541 Galba
379 2493 521 2563 tanquam
539 2479 575 2542 in
598 2479 664 2541 acie
679 2477 840 2542 cecidere:
865 2480 894 2542 in
913 2479 969 2544 sual
985 2482 1132 2548 concione

128 2561 281 2642 Vitellius,
297 2565 376 2628 inter
389 2587 460 2628 suos
477 2565 596 2642 milites,
613 2557 874 2648 prospectantibus
884 2568 974 2630 etiam
990 2566 1132 2647 loeminis,

127 2673 224 2736 pauca
240 2666 271 2714 et
288 2653 424 2735 prasenti
442 2652 589 2715 moestitiae
604 2653 800 2734 congruentia
822 2653 960 2716 locutus:
985 2653 1132 2718 ‘Cedere

127 2759 161 2802 se
177 2739 258 2823 pacis
273 2753 304 2800 et
316 2737 506 2822 Reipublicae
518 2737 628 2802 causa:
653 2739 816 2802 retinerent
826 2739 942 2803 tantum
955 2741 1132 2805 memoriam

127 2825 183 2902 sui,
200 2824 392 2910 fratremque,
403 2841 434 2889 et
446 2825 607 2912 conjugem
623 2841 654 2889 et
666 2826 819 2888 innoxiam
836 2827 997 2889 liberorum
1013 2842 1132 2894 etatem

128 2911 368 2975 rniserarentur:’
406 2913 493 2976 simul
525 2914 618 2976 filium
651 2912 846 2996 protendens,
877 2911 968 2975 modd
997 2913 1132 2994 singulis,

126 2997 218 3063 modb
238 2999 385 3062 universis
404 2998 633 3073 commendans,
651 2997 802 3079 postremo
823 2997 897 3062 fletu
914 2998 1131 3082 prepediente,

127 3085 275 3149 assistenti
302 3085 431 3151 Consuli
456 3085 614 3171 (Caecilius
642 3084 782 3168 Simplex
811 3083 889 3170 erat)
916 3084 1089 3149 exsolutum
1113 3107 1132 3149 a

126 3171 221 3236 latere
238 3173 412 3256 pugionem,
429 3174 513 3238 velut
523 3172 574 3259 jus
591 3172 672 3235 necis
687 3173 813 3256 vitaque
833 3171 955 3248 civium,
972 3172 1131 3236 reddebat.

126 3260 318 3344 Aspernarrte
335 3259 482 3339 Consule,
498 3259 740 3336 reclamantibus,
756 3259 806 3344 qui
823 3259 853 3322 in
867 3259 1014 3322 concione
1030 3259 1133 3323 astite-

123 3362 200 3424 rant,
217 3347 295 3410 utin
318 3347 383 3410 ede
398 3346 578 3412 Concordia
604 3347 752 3432 positurus
776 3346 901 3430 insignia
924 3345 1058 3430 Imperii,
1074 3346 1129 3409 do·

124 3454 270 3519 mumque
297 3431 392 3498 fratris
423 3435 579 3519 petiturus,
610 3433 758 3497 discessit.
804 3431 903 3518 Major
933 3431 982 3496 hic
1017 3433 1133 3496 clamor

124 3520 335 3584 obsistentium
359 3519 526 3586 Penatibus
550 3521 682 3606 privatis,
698 3527 707 3558 ‘
721 3519 750 3582 in
775 3520 930 3604 palatium'
950 3521 1132 3584 vocantium.

127 3605 328 3670 laterclusum
344 3608 424 3671 aliud
440 3609 508 3686 iter,
524 3608 616 3694 idque
635 3607 744 3684 solum,
759 3607 841 3692 quod
858 3608 887 3670 in
912 3607 1035 3671 Sacram
1054 3607 1132 3670 viam

125 3707 277 3778 pergeret,
294 3695 437 3779 patebat:
459 3709 524 3760 tum
539 3694 654 3759 consilii
669 3695 767 3780 inops,
782 3695 812 3758 in
828 3694 971 3780 palatium
988 3693 1087 3758 rediit.
