2508 4254
90 252 132 317 A.
146 253 185 318 0.
202 254 275 336 69Ῑ
377 251 520 318 Hieron.
544 251 620 316 Lm.
644 251 811 316 Tanatus.
906 202 909 206 ·
1053 251 1094 314 97

137 415 212 482 ΧΠ.
235 415 310 480 Ne
303 439 331 480 m
346 414 460 480 Vitellii
476 415 597 500 quidem
615 415 746 500 partibus
767 415 878 499 quietae
891 423 1019 490 mentes,
1040 433 1097 476 ex-

91 504 222 568 itiosiore
246 501 406 579 discordia,
437 525 496 566 non
521 503 740 586 suspicionibus
767 501 860 584 vulgi,
887 500 941 564 sed
973 499 1099 584 perfidia

91 589 228 668 Ducum,
244 591 451 655 turbabantur.
496 589 633 652 Lucilius
648 588 773 664 Bassus,
789 587 891 652 classis
907 585 1097 651 Ravennatis

92 676 269 752 Praefectus,
277 677 438 758 ambiguos
450 675 576 738 militurn
588 677 714 750 animos,
728 673 808 758 qudd
820 695 929 756 magna
942 695 1011 756 pars
1022 673 1100 736 Dal·

12 789 13 814 ι
90 779 180 828 rnatae
196 763 405 848 Pannoniique
421 776 516 839 erant,
540 784 605 847 quae
622 763 781 846 provinciae
801 757 989 844 Vespasiano
1013 775 1099 822 tene·

89 850 212 927 bantur,
229 849 404 950 partibus
376 871 442 935 ejus
454 863 679 948 aggregaverat.
725 847 799 910 Nox
813 847 971 930 proditioni
987 847 1099 924 electa,

91 952 138 1014 ut,
149 937 258 1001 ceteris
271 936 391 1018 ignaris,
403 936 498 1002 solim
517 935 663 1036 principia
679 933 846 998 defectores
857 935 982 996 coirent
1021 932 1100 998 Bas·

91 1046 146 1088 sus
161 1023 287 1108 pudore,
304 1045 356 1086 seu
372 1036 467 1099 metu,
489 1023 624 1106 quisnam
648 1022 748 1084 exitus
771 1020 891 1096 soret,'
883 1035 958 1082 intra
975 1020 1099 1082 domum

89 1109 316 1195 opperiebatur.
361 1109 534 1176 Trierarcbi
550 1130 661 1190 magno
677 1107 806 1172 tumultu
822 1105 959 1170 Vitellii
953 1107 1100 1188 imagines

90 1197 251 1272 invadunt,
267 1210 308 1274 et,
325 1197 427 1279 paucis
447 1195 650 1260 resistentium
671 1194 865 1270 obtruncatis,
881 1207 1017 1256 ceterum
1034 1193 1101 1254 vul-

91 1305 161 1368 gus,
188 1305 288 1346 rerum
318 1303 463 1346 novarum
489 1281 632 1358 studio,'
625 1303 655 1344 tn
680 1277 900 1364 Vespasianum
928 1280 1100 1342 inclinabat.

92 1369 179 1433 Turn
197 1390 371 1453 progressus
386 1367 522 1431 Lucilius
534 1383 687 1432 auctorem
703 1389 736 1432 se
753 1366 852 1450 palam
870 1367 999 1450 prabet:
1024 1367 1102 1430 clas·

91 1457 135 1521 sis
146 1455 324 1520 Cornelium
340 1454 474 1520 Fuscum
491 1454 672 1518 Praelectum
685 1455 739 1516 sibi
753 1453 892 1528 destinat,
905 1453 954 1537 qui
971 1473 1100 1537 propere

93 1543 275 1606 accucurrit.
321 1541 436 1606 Bassus
450 1540 595 1604 honorata
617 1539 757 1605 custodia
779 1539 948 1602 Liburnicis
974 1539 1101 1602 navibus

93 1627 243 1692 Hadriam
260 1643 429 1712 pervectus,
443 1649 462 1690 a
475 1627 626 1690 Praelecto
641 1629 693 1690 alae
710 1623 837 1688 Mennis
853 1625 978 1702 Rufino,
1002 1625 1102 1708 prasi·

93 1717 179 1780 dium
202 1715 262 1778 illic
276 1717 418 1798 agitante,
435 1715 572 1777 vincitur.
618 1713 681 1775 Sed
698 1712 836 1776 exsoluta
851 1713 950 1777 statim
970 1711 1101 1786 vincula,

92 1803 263 1866 interventu
280 1799 399 1879 Hormi,
423 1801 551 1865 Castris
565 1799 683 1866 liberti:
716 1799 741 1864 is
756 1819 877 1884 quoque
898 1798 975 1863 inter
995 1797 1102 1864 Duces

94 1889 273 1952 habebatur.

140 1973 231 2038 Xlll.
255 1975 297 2038 At
318 1973 452 2052 Caecina,
477 1975 647 2039 delectione
673 1974 776 2039 classis
800 1972 931 2057 vulgara,
957 1943 1102 2059 primores

94 2059 316 2124 Centurionum
333 2077 362 2126 et
364 2083 490 2161 'paucos
506 2062 643 2138 rnilitum,
660 2062 768 2124 ceteris
784 2083 838 2161 per
854 2061 961 2125 militiae
977 2082 1103 2124 munera

94 2147 249 2231 dispersis,
262 2149 425 2212 secretiora
440 2163 604 2212 castrorum
621 2148 800 2225 affectans,'
793 2171 821 2210 m
843 2149 987 2232 principia
1003 2163 1100 2212 vocat.

92 2234 141 2297 lbi
158 2233 354 2317 ‘Vespasiani
372 2236 509 2298 virtutem
521 2235 660 2318 viresque
672 2235 811 2318 partium'
826 2235 961 2298 extollit:
987 2241 1103 2298 ‘trans-

94 2319 207 2403 fugisse
230 2321 376 2384 classem:
408 2321 436 2382 in
461 2335 544 2384 arcto
570 2337 794 2386 commeatum:
822 2321 966 2384 adversas
988 2319 1104 2386 Gallias

94 2405 343 2491 Hispaniasquet
365 2407 436 2471 nibil
459 2407 488 2470 in
513 2407 588 2471 urbe
609 2407 733 2471 fidnmt'
761 2422 852 2492 atque
878 2407 979 2470 omnia
994 2408 1033 2470 de
1048 2405 1104 2470 Vi-

92 2493 201 2557 tellio'
193 2516 223 2556 ιιι
239 2493 383 2598 deterius.
429 2492 508 2556 Mox
523 2494 745 2594 incipientibus,
762 2495 813 2578 qui
828 2495 943 2558 conscii
965 2493 1100 2570 aderant,

92 2594 271 2656 aeternare
288 2579 367 2643 noval
381 2581 531 2657 attonitos,
543 2581 572 2644 in
588 2581 678 2644 verba
690 2579 868 2666 Vespasiani
881 2579 992 2664 adigitt
1015 2581 1104 2644 simul

92 2665 232 2730 Vitellii
226 2667 369 2748 imagines
386 2667 527 2751 derepta,
551 2683 582 2732 et
596 2667 688 2744 missi,
708 2669 758 2751 qui
776 2668 907 2732 Antonio
922 2667 1101 2732 nuntiarent.

95 2751 173 2829 Sed,
185 2753 235 2816 ubi
251 2753 319 2817 totis
331 2753 434 2818 castris
450 2755 478 2816 in
496 2752 577 2816 lamb
587 2754 728 2838 proditio,
740 2775 896 2818 recurrens
912 2753 940 2815 in
958 2753 1103 2838 principia

94 2839 194 2914 miles,
224 2840 430 2924 prescriptum
455 2838 636 2924 Vespasiani
662 2861 783 2917 nomen,
815 2839 964 2926 projectas
989 2837 1104 2904 Vitellii

95 2926 213 3006 effigies
229 2927 356 3009 aspexit,
374 2936 489 2990 vastum
507 2925 604 3010 primb
619 2927 778 3002 silentium,
802 2947 874 2990 mox
890 2940 999 2990 cuncta
1015 2927 1104 2990 simul

95 3028 275 3096 erumpunt:
300 3011 391 3076 ‘Huc
406 3012 553 3076 cecidisse
567 3012 739 3076 Germanici
756 3012 909 3076 exercitbs
921 3006 1057 3094 gloriam,
1071 3027 1105 3076 ut

95 3099 161 3162 sine
183 3099 331 3182 prelio,
308 3120 372 3162 ame
388 3099 523 3176 vulnere,
545 3099 661 3164 vinctas
677 3119 783 3162 manus
805 3113 836 3164 et
850 3112 938 3182 capta
953 3098 1105 3162 traderent

95 3186 206 3250 arma?
244 3183 347 3265 (Quas
361 3186 441 3248 enim
458 3207 498 3250 ex
522 3185 641 3250 diverso
657 3186 814 3268 legiones?
853 3182 974 3268 Nempe
991 3184 1103 3262 victas;

96 3287 128 3336 et
144 3271 250 3334 abesse
263 3272 382 3334 unicum
395 3271 558 3336 Othoniani
574 3271 726 3336 exercitiis
742 3272 842 3348 robur,
852 3271 1004 3356 primanos
1016 3283 1105 3355 quar·

95 3357 385 3456 tadeoimauosquc:
411 3379 486 3442 quos
501 3373 613 3434 tamen,
637 3359 744 3422 iisdem
760 3359 817 3422 illis
832 3357 957 3442 campis,
974 3357 1105 3422 fuderint

12 3459 13 3464 ’
96 3443 328 3532 straverintque)
351 3463 385 3510 ut
409 3460 591 3510 armatorum
607 3445 716 3521 millia,
736 3445 818 3511 velut
843 3465 919 3528 grex
942 3444 1104 3522 venalium,

97 3530 180 3594 exuli
204 3527 335 3595 Antonio
361 3531 473 3594 donum
498 3531 652 3596 darentur.
696 3531 778 3596 Octo
804 3531 942 3594 nimirum
969 3531 1105 3614 legiones

96 3617 185 3682 unius
207 3617 310 3682 classis
333 3619 548 3682 accessionem
557 3617 630 3682 lore.
677 3616 711 3683 Id
729 3617 840 3695 Basso,
862 3618 892 3680 id
916 3615 1088 3684 Caoina
1061 3639 1106 3680 vr·

97 3725 185 3766 sum:
208 3719 365 3788 postquam
379 3704 499 3782 domos,
524 3705 638 3782 bortos,
661 3725 746 3788 opes,
762 3703 895 3786 Principi
918 3703 1104 3779 abstulerint,

96 3791 188 3856 etiarn
218 3788 352 3876 Principi
381 3789 490 3856 auferri
516 3791 661 3940 militgmr
693 3791 826 3874 integros
860 3790 1101 3874 incruentorque,
