2560 4258
145 331 186 398 16
479 331 519 398 C.
543 329 652 396 coss.
675 329 800 396 Trcrrr
933 332 987 414 [A.
1004 331 1047 396 U.
1064 333 1140 398 822.

79 531 82 536 ·
143 494 262 573 advos,
287 495 487 580 pertinebunt.
534 493 602 560 Nec
617 508 663 558 est
679 494 757 578 plus,
784 493 863 580 quod
885 515 939 578 pro
953 496 1036 560 cede
1053 495 1140 562 Prin·

142 583 229 668 cipis,
246 581 335 668 quiam
352 583 431 667 quod
448 582 655 646 innocentibus
671 583 775 644 datur:
799 581 852 644 sed
871 583 994 665 perinde
1014 605 1032 646 a
1055 585 1140 648 nobis

143 669 316 736 donativum
333 671 372 732 ob
388 669 488 744 fidem,
508 666 596 751 quim
614 669 652 730 ab
667 669 730 732 aliis
748 689 801 752 pru
817 667 947 732 facinore
962 670 1139 754 accipietis!

187 753 314 822 XXXI.
337 755 470 840 Dilapsis
485 755 735 838 speculatoribus,
760 770 862 818 cetera
876 756 995 832 cohors,
1017 779 1077 820 non
1093 778 1140 820 as·

142 859 267 930 pernata
281 843 521 916 concionantem,
539 856 571 904 ut
587 841 711 904 turbidis
734 839 823 904 rebus
846 842 958 918 evenit,
985 842 1060 906 sorte
1076 865 1140 910 ma·

141 927 197 1015 gis,
213 946 243 994 et
258 930 340 994 nullo
355 928 453 992 adbuc
465 928 600 1004 consilio,
614 943 697 1010 parat
708 927 803 1010 signa,
819 927 920 1012 quiam,
937 929 1016 1013 quod
1034 944 1139 1012 postea

141 1017 289 1082 creditum
313 1030 370 1091 est,
394 1015 505 1076 insidiis
529 1029 560 1077 et
586 1015 787 1078 simulatione.
834 1013 947 1078 Missus
973 1030 1004 1078 et
1029 1015 1141 1082 Celsus

140 1101 257 1170 Marius
280 1102 318 1166 ad
342 1102 455 1164 electos
479 1100 591 1184 lllyrici
618 1101 780 1177 exercitiis,
797 1099 946 1186 Vipsanib
969 1103 997 1165 in
1023 1104 1139 1185 porticu

141 1191 312 1255 tendentes.
358 1187 550 1272 Praceptum
574 1190 697 1254 Amulio
724 1187 841 1250 Sereno
864 1202 896 1250 et
920 1187 1057 1252 Domitio
1084 1189 1140 1254 Sa-

140 1278 222 1353 bino,
247 1275 486 1360 primipilaribus,
510 1282 562 1338 ‘ut
586 1275 784 1338 Germanicos
808 1275 953 1338 militese
977 1275 1140 1341 Libertatis

140 1365 216 1430 atrio
241 1362 449 1426 arcesserent.’
493 1361 622 1445 Legioni
645 1363 776 1426 classicae
801 1362 1002 1440 diffidebatur,
1026 1362 1139 1426 infestae

139 1451 180 1516 ob
195 1450 308 1512 caedem
324 1449 574 1526 commilitonum,
595 1471 671 1534 quos
689 1450 784 1532 primo
798 1449 897 1512 statim
915 1449 1033 1512 introitu
1051 1449 1140 1512 truci·

140 1537 264 1602 daverat
289 1533 399 1598 Galba.
445 1535 582 1617 Pergunt
605 1539 695 1600 etiam
720 1537 748 1599 in
772 1550 869 1598 castra
889 1535 1140 1600 Praetorianorutn

139 1622 279 1697 Tribuni,
295 1621 406 1686 Cerius
422 1621 565 1699 Severus,
582 1623 707 1686 Subrius
724 1621 854 1698 Dexter,
874 1622 1041 1706 Pompeius
1056 1621 1140 1686 Lon·

141 1710 246 1794 ginus3
270 1708 294 1770 si
310 1707 446 1790 incipens
462 1710 571 1786 adhuc,
595 1725 626 1774 et
650 1710 779 1772 necdum
796 1709 897 1772 adulta
913 1710 1030 1786 seditio,
1054 1709 1139 1772 meli·

138 1795 240 1860 oribus
261 1796 391 1858 consiliis
415 1795 598 1859 flecteretur.
644 1795 847 1860 Tribunorum
873 1795 1014 1860 Subrium
1030 1811 1061 1859 et
1077 1795 1140 1860 Ce-

139 1882 215 1948 rium
233 1881 341 1944 milites
357 1881 451 1944 adorti
468 1882 566 1957 minis,
588 1882 760 1964 Longinum
776 1883 913 1946 manibus
928 1898 1070 1946 coercent
1085 1904 1140 1948 ex·

139 1982 336 2050 armantque;
359 1968 503 2051 quianon
520 1968 624 2030 ordine
640 1969 762 2044 militiae,
786 1970 839 2031 sed
863 1991 880 2032 e
902 1969 1007 2032 Galba
1023 1969 1137 2047 amicis,

137 2055 215 2120 fidus
231 2052 365 2137 Principi
381 2075 446 2127 suo,
469 2067 500 2116 et
524 2053 759 2116 desciscentibus
775 2056 942 2138 suspectior
957 2071 1032 2120 erat.
1077 2055 1140 2120 Le·

139 2141 189 2223 gio
204 2141 340 2214 classica,
364 2139 438 2201 nihil
461 2153 612 2215 cunctata,
636 2139 826 2202 Pretorianis
841 2139 1020 2226 adjungitur.
1066 2141 1141 2226 Illy·

137 2227 191 2292 rici
207 2225 358 2290 exercitiis
374 2225 463 2288 electi
476 2223 603 2288 Celsum
616 2226 737 2308 ingestis
754 2227 820 2309 pilis
837 2230 1022 2308 proturbant.
1060 2227 1139 2292 Ger·

137 2314 257 2378 manica
274 2312 385 2375 vexilla
401 2311 451 2374 diu
469 2312 612 2374 nutavere
621 2335 632 2388 ,·
656 2313 792 2374 invalidis
808 2313 907 2376 adhuc
922 2315 1096 2398 corporibus
1108 2327 1139 2378 et

138 2400 264 2484 placatis
280 2399 396 2474 animis,
413 2396 493 2481 qubd
509 2419 573 2472 eos,
593 2419 610 2460 a
634 2398 758 2462 Nerone
773 2400 990 2464 Alexandriam
1008 2401 1139 2484 praemis-

139 2505 200 2562 sos,
217 2501 307 2568 atque
323 2484 393 2546 inde
410 2503 509 2546 rursus
524 2483 615 2564 longai
629 2485 819 2568 navigatione
835 2507 939 2570 augme,
957 2487 1139 2571 impensiore

135 2570 212 2637 curb
227 2571 326 2634 Galba
342 2568 507 2632 refovebat.

184 2654 332 2722 XXXll.
357 2653 507 2718 Universa
518 2654 581 2739 jam
599 2657 684 2739 plebs
701 2657 843 2740 palatium
859 2658 1016 2742 implebat,
1036 2659 1139 2722 mixtis

139 2743 278 2818 servitiis,
294 2755 326 2804 et
341 2741 461 2804 dissono
472 2741 614 2818 clamore,
631 2750 639 2781 ‘
649 2744 764 2806 cedem
781 2743 912 2808 Othonis
923 2759 954 2808 et
969 2744 1139 2830 conjurato-

139 2851 205 2894 rum
222 2827 359 2892 exitium'
377 2827 576 2909 poscentium,
587 2842 618 2892 ut
630 2830 655 2892 si
670 2830 699 2892 in
714 2831 795 2892 circo
810 2852 845 2892 ac
862 2832 979 2894 theatro
990 2832 1138 2894 ludicrum

139 2916 260 3001 aliquod
292 2913 496 2998 postularent:
535 2936 633 2999 neque
663 2915 720 2978 illis
746 2915 892 3000 judicium
925 2931 975 2981 aut
1007 2919 1136 2982 veritas:

139 3003 253 3088 quippe
269 2999 378 3064 eodem
394 3000 443 3062 die
458 2999 574 3062 diversa
592 3001 653 3084 pari
668 3003 832 3064 certamine
850 3004 1060 3086 postulaturis:
1084 3001 1139 3066 sed

138 3089 249 3152 tradito
275 3107 368 3161 more,
392 3107 616 3170 quemcumque
639 3087 813 3172 Principem
837 3089 989 3162 adulandi,
1016 3087 1140 3150 licentiis

139 3173 390 3240 acclamationem
411 3186 441 3234 et
460 3171 564 3234 studiis
587 3175 733 3236 inanibus.
779 3172 902 3236 Interim
925 3173 1055 3236 Galbam
1072 3173 1138 3236 duae

139 3260 295 3325 sententiae
312 3257 504 3321 distinebant.
542 3257 631 3322 Titus
646 3259 765 3336 Vinius,
779 3260 981 3321 ‘manendum
998 3259 1073 3320 intra
1085 3258 1139 3321 do·

139 3369 235 3424 mum,
259 3343 442 3427 opponenda
457 3344 587 3422 servitia,
614 3345 775 3408 firmandos
797 3345 905 3419 aditus,
930 3366 989 3406 non
1006 3344 1139 3408 eundum

139 3433 178 3500 ad
194 3431 293 3497 iratos’
309 3431 471 3492 censebat:
496 3431 599 3495 ‘darer
614 3432 760 3495 malorum
778 3430 972 3513 poenitenriae,
985 3430 1068 3494 daret
1084 3432 1138 3496 bo-

138 3542 245 3584 norum
261 3517 421 3581 consensui
443 3517 592 3597 spatium:
624 3518 739 3580 scelera
762 3515 888 3598 impetu,
913 3517 991 3580 bona
1015 3519 1139 3582 consilia

139 3607 225 3670 moral
241 3605 405 3669 valescere.
451 3602 593 3688 Denique
609 3602 700 3666 eundi
715 3600 805 3679 ultrb,
817 3603 841 3665 si
857 3603 930 3666 ratio
944 3605 992 3681 sit,
1008 3606 1137 3669 eandem

138 3713 211 3756 mox
225 3691 416 3756 facultatem:
434 3709 595 3769 regressus,
608 3691 631 3752 si
646 3689 800 3772 poeniteat,
812 3690 841 3752 in
855 3690 952 3754 alienis
965 3691 1136 3774 potestate?

182 3772 346 3842 XXXlll.
371 3774 619 3838 ‘Festinandum'
642 3775 750 3839 ceteris
767 3776 932 3856 videbatur,
953 3785 1136 3863 ‘antequam

139 3876 288 3928 cresceret
312 3861 443 3926 invalida
458 3861 557 3926 adbuc
579 3861 745 3952 conjuratio
767 3885 941 3950 paucorum.
986 3864 1138 3950 Trepida-
