<?xml version="1.0" encoding="UTF-8"?>
<!DOCTYPE html PUBLIC "-//W3C//DTD XHTML 1.0 Transitional//EN"
    "http://www.w3.org/TR/xhtml1/DTD/xhtml1-transitional.dtd">
<html xmlns="http://www.w3.org/1999/xhtml" xml:lang="en" lang="en">
 <head>
  <title>
</title>
<meta http-equiv="Content-Type" content="text/html;charset=utf-8" />
  <meta name='ocr-system' content='tesseract 3.04.00' />
  <meta name='ocr-capabilities' content='ocr_page ocr_carea ocr_par ocr_line ocrx_word'/>
</head>
<body>
  <div class='ocr_page' id='page_1' title='image "./ccorneliitaciti24tacigoog_0286.png"; bbox 0 0 2484 4316; ppageno 0'>
   <div class='ocr_carea' id='block_1_1' title="bbox 127 177 1131 264">
    <p class='ocr_par' dir='ltr' id='par_1_1' title="bbox 127 177 1131 264">
     <span class='ocr_line' id='line_1_1' title="bbox 127 177 1131 264; baseline -0.004 -17"><span class='ocrx_word' id='word_1_1' title='bbox 127 183 189 248; x_wconf 82' lang='lat'><strong>136</strong></span> <span class='ocrx_word' id='word_1_2' title='bbox 430 179 472 246; x_wconf 88' lang='lat' dir='ltr'><strong>C.</strong></span> <span class='ocrx_word' id='word_1_3' title='bbox 496 180 604 246; x_wconf 69' lang='lat' dir='ltr'><strong>coss.</strong></span> <span class='ocrx_word' id='word_1_4' title='bbox 627 179 752 244; x_wconf 75' lang='lat' dir='ltr'><strong>Trerrr</strong></span> <span class='ocrx_word' id='word_1_5' title='bbox 923 179 977 264; x_wconf 82' lang='lat' dir='ltr'><strong>[A.</strong></span> <span class='ocrx_word' id='word_1_6' title='bbox 992 177 1033 243; x_wconf 88' lang='lat' dir='ltr'><strong>U.</strong></span> <span class='ocrx_word' id='word_1_7' title='bbox 1050 179 1131 244; x_wconf 72' lang='lat'><strong>822.</strong></span> 
     </span>
    </p>
   </div>
   <div class='ocr_carea' id='block_1_2' title="bbox 23 341 1131 432">
    <p class='ocr_par' dir='ltr' id='par_1_2' title="bbox 23 341 1131 432">
     <span class='ocr_line' id='line_1_2' title="bbox 23 341 1131 432; baseline -0.004 -19"><span class='ocrx_word' id='word_1_8' title='bbox 23 427 24 432; x_wconf 8' lang='grc' dir='ltr'>γ</span> <span class='ocrx_word' id='word_1_9' title='bbox 124 361 155 412; x_wconf 88' lang='lat' dir='ltr'><strong>et</strong></span> <span class='ocrx_word' id='word_1_10' title='bbox 171 346 251 432; x_wconf 87' lang='lat' dir='ltr'><strong>quali</strong></span> <span class='ocrx_word' id='word_1_11' title='bbox 267 343 387 410; x_wconf 74' lang='lat' dir='ltr'><strong>lortunb</strong></span> <span class='ocrx_word' id='word_1_12' title='bbox 402 346 439 410; x_wconf 90' lang='lat' dir='ltr'><strong>sit</strong></span> <span class='ocrx_word' id='word_1_13' title='bbox 454 367 537 422; x_wconf 80' lang='lat' dir='ltr'><strong>usus,</strong></span> <span class='ocrx_word' id='word_1_14' title='bbox 552 345 658 429; x_wconf 88' lang='lat' dir='ltr'><strong>paucis</strong></span> <span class='ocrx_word' id='word_1_15' title='bbox 673 359 822 429; x_wconf 79' lang='lat' dir='ltr'><strong>repetam.</strong></span> <span class='ocrx_word' id='word_1_16' title='bbox 867 341 1028 408; x_wconf 88' lang='lat' dir='ltr'><strong>Helvidius</strong></span> <span class='ocrx_word' id='word_1_17' title='bbox 1042 343 1131 409; x_wconf 88' lang='lat' dir='ltr'><strong>Pris-</strong></span> 
     </span>
    </p>
   </div>
   <div class='ocr_carea' id='block_1_3' title="bbox 124 431 1218 1902">
    <p class='ocr_par' dir='ltr' id='par_1_3' title="bbox 124 431 1218 1456">
     <span class='ocr_line' id='line_1_3' title="bbox 124 431 1131 516; baseline -0.004 -18"><span class='ocrx_word' id='word_1_18' title='bbox 124 456 189 510; x_wconf 88' lang='lat' dir='ltr'><strong>cus,</strong></span> <span class='ocrx_word' id='word_1_19' title='bbox 204 433 376 496; x_wconf 71' lang='lat' dir='ltr'><strong>Tarracinae</strong></span> <span class='ocrx_word' id='word_1_20' title='bbox 400 433 574 515; x_wconf 88' lang='lat' dir='ltr'><strong>municipio,</strong></span> <span class='ocrx_word' id='word_1_21' title='bbox 591 431 701 495; x_wconf 92' lang='lat' dir='ltr'><strong>Cluvio</strong></span> <span class='ocrx_word' id='word_1_22' title='bbox 726 447 820 515; x_wconf 87' lang='lat' dir='ltr'><strong>patre,</strong></span> <span class='ocrx_word' id='word_1_23' title='bbox 844 431 893 514; x_wconf 90' lang='lat' dir='ltr'><strong>qui</strong></span> <span class='ocrx_word' id='word_1_24' title='bbox 909 431 1045 494; x_wconf 84' lang='lat' dir='ltr'>ordinem</span> <span class='ocrx_word' id='word_1_25' title='bbox 1069 431 1131 516; x_wconf 89' lang='lat' dir='ltr'><strong>pri·</strong></span> 
     </span>
     <span class='ocr_line' id='line_1_4' title="bbox 124 517 1129 604; baseline -0.005 -20"><span class='ocrx_word' id='word_1_26' title='bbox 124 520 219 604; x_wconf 90' lang='lat' dir='ltr'><strong>mipili</strong></span> <span class='ocrx_word' id='word_1_27' title='bbox 235 519 383 595; x_wconf 82' lang='lat' dir='ltr'><strong>duxisset,</strong></span> <span class='ocrx_word' id='word_1_28' title='bbox 399 517 550 600; x_wconf 83' lang='lat' dir='ltr'><strong>ingenium</strong></span> <span class='ocrx_word' id='word_1_29' title='bbox 573 518 688 580; x_wconf 82' lang='lat' dir='ltr'><strong>illustre</strong></span> <span class='ocrx_word' id='word_1_30' title='bbox 711 519 863 580; x_wconf 83' lang='lat' dir='ltr'>altioribus</span> <span class='ocrx_word' id='word_1_31' title='bbox 881 517 987 581; x_wconf 88' lang='lat' dir='ltr'><strong>studiis</strong></span> <span class='ocrx_word' id='word_1_32' title='bbox 1004 518 1129 604; x_wconf 90' lang='lat' dir='ltr'><strong>juvenis</strong></span> 
     </span>
     <span class='ocr_line' id='line_1_5' title="bbox 125 603 1131 689; baseline -0.003 -19"><span class='ocrx_word' id='word_1_33' title='bbox 125 606 289 670; x_wconf 79' lang='lat' dir='ltr'>admodum</span> <span class='ocrx_word' id='word_1_34' title='bbox 317 606 420 668; x_wconf 82' lang='lat' dir='ltr'><strong>dedit:</strong></span> <span class='ocrx_word' id='word_1_35' title='bbox 442 627 501 668; x_wconf 92' lang='lat' dir='ltr'><strong>non</strong></span> <span class='ocrx_word' id='word_1_36' title='bbox 528 619 561 668; x_wconf 86' lang='lat' dir='ltr'><strong>ut</strong></span> <span class='ocrx_word' id='word_1_37' title='bbox 587 605 732 689; x_wconf 84' lang='lat' dir='ltr'><strong>plerique,</strong></span> <span class='ocrx_word' id='word_1_38' title='bbox 760 619 793 667; x_wconf 92' lang='lat' dir='ltr'><strong>ut</strong></span> <span class='ocrx_word' id='word_1_39' title='bbox 822 605 944 666; x_wconf 88' lang='lat' dir='ltr'><strong>nomine</strong></span> <span class='ocrx_word' id='word_1_40' title='bbox 967 603 1131 686; x_wconf 83' lang='lat' dir='ltr'><strong>magnifico</strong></span> 
     </span>
     <span class='ocr_line' id='line_1_6' title="bbox 126 689 1132 775; baseline -0.005 -18"><span class='ocrx_word' id='word_1_41' title='bbox 126 713 219 774; x_wconf 84' lang='lat' dir='ltr'>segne</span> <span class='ocrx_word' id='word_1_42' title='bbox 234 693 330 754; x_wconf 91' lang='lat' dir='ltr'><strong>otium</strong></span> <span class='ocrx_word' id='word_1_43' title='bbox 347 691 460 755; x_wconf 89' lang='lat' dir='ltr'><strong>velaret</strong></span> <span class='ocrx_word' id='word_1_44' title='bbox 475 692 528 753; x_wconf 90' lang='lat' dir='ltr'><strong>sed</strong></span> <span class='ocrx_word' id='word_1_45' title='bbox 542 689 602 775; x_wconf 82' lang='lat' dir='ltr'><strong>qud</strong></span> <span class='ocrx_word' id='word_1_46' title='bbox 618 692 729 754; x_wconf 90' lang='lat' dir='ltr'><strong>firmior</strong></span> <span class='ocrx_word' id='word_1_47' title='bbox 745 689 889 754; x_wconf 79' lang='lat' dir='ltr'><strong>adversus</strong></span> <span class='ocrx_word' id='word_1_48' title='bbox 901 690 1018 754; x_wconf 83' lang='lat' dir='ltr'><strong>fortuita</strong></span> <span class='ocrx_word' id='word_1_49' title='bbox 1029 689 1132 753; x_wconf 85' lang='lat' dir='ltr'><strong>Rem·</strong></span> 
     </span>
     <span class='ocr_line' id='line_1_7' title="bbox 127 777 1134 863; baseline 0 -23"><span class='ocrx_word' id='word_1_50' title='bbox 127 780 280 863; x_wconf 88' lang='lat' dir='ltr'><strong>publicam</strong></span> <span class='ocrx_word' id='word_1_51' title='bbox 303 790 497 861; x_wconf 83' lang='lat' dir='ltr'>capesseret:</span> <span class='ocrx_word' id='word_1_52' title='bbox 522 779 660 840; x_wconf 90' lang='lat' dir='ltr'><strong>doctores</strong></span> <span class='ocrx_word' id='word_1_53' title='bbox 682 777 834 860; x_wconf 79' lang='lat' dir='ltr'><strong>sapientiae</strong></span> <span class='ocrx_word' id='word_1_54' title='bbox 857 790 978 840; x_wconf 90' lang='lat' dir='ltr'><strong>secutus</strong></span> <span class='ocrx_word' id='word_1_55' title='bbox 1000 789 1057 854; x_wconf 93' lang='lat' dir='ltr'><strong>est,</strong></span> <span class='ocrx_word' id='word_1_56' title='bbox 1083 777 1134 860; x_wconf 93' lang='lat' dir='ltr'><strong>qui</strong></span> 
     </span>
     <span class='ocr_line' id='line_1_8' title="bbox 125 863 1131 948; baseline -0.003 -19"><span class='ocrx_word' id='word_1_57' title='bbox 125 865 189 929; x_wconf 88' lang='lat' dir='ltr'><strong>sola</strong></span> <span class='ocrx_word' id='word_1_58' title='bbox 205 865 294 940; x_wconf 92' lang='lat' dir='ltr'><strong>bona,</strong></span> <span class='ocrx_word' id='word_1_59' title='bbox 310 886 375 948; x_wconf 79' lang='lat' dir='ltr'><strong>quae</strong></span> <span class='ocrx_word' id='word_1_60' title='bbox 392 865 529 940; x_wconf 88' lang='lat' dir='ltr'><strong>lrouesta,</strong></span> <span class='ocrx_word' id='word_1_61' title='bbox 545 864 624 926; x_wconf 88' lang='lat' dir='ltr'><strong>mala</strong></span> <span class='ocrx_word' id='word_1_62' title='bbox 647 863 773 940; x_wconf 81' lang='lat' dir='ltr'><strong>tannim,</strong></span> <span class='ocrx_word' id='word_1_63' title='bbox 789 885 854 948; x_wconf 79' lang='lat' dir='ltr'><strong>que</strong></span> <span class='ocrx_word' id='word_1_64' title='bbox 876 865 995 948; x_wconf 88' lang='lat' dir='ltr'><strong>turpia:</strong></span> <span class='ocrx_word' id='word_1_65' title='bbox 1020 877 1131 947; x_wconf 85' lang='lat' dir='ltr'><strong>poten·</strong></span> 
     </span>
     <span class='ocr_line' id='line_1_9' title="bbox 126 950 1129 1036; baseline -0.002 -21"><span class='ocrx_word' id='word_1_66' title='bbox 126 952 210 1027; x_wconf 91' lang='lat' dir='ltr'><strong>tiam,</strong></span> <span class='ocrx_word' id='word_1_67' title='bbox 226 951 424 1028; x_wconf 84' lang='lat' dir='ltr'><strong>nobilitatem,</strong></span> <span class='ocrx_word' id='word_1_68' title='bbox 440 965 603 1034; x_wconf 87' lang='lat' dir='ltr'><strong>ceteraque</strong></span> <span class='ocrx_word' id='word_1_69' title='bbox 630 965 717 1012; x_wconf 87' lang='lat' dir='ltr'><strong>extra</strong></span> <span class='ocrx_word' id='word_1_70' title='bbox 743 951 887 1027; x_wconf 90' lang='lat' dir='ltr'><strong>animum,</strong></span> <span class='ocrx_word' id='word_1_71' title='bbox 911 971 1012 1036; x_wconf 89' lang='lat' dir='ltr'><strong>neque</strong></span> <span class='ocrx_word' id='word_1_72' title='bbox 1028 950 1129 1028; x_wconf 89' lang='lat' dir='ltr'><strong>bouis,</strong></span> 
     </span>
     <span class='ocr_line' id='line_1_10' title="bbox 125 1035 1131 1122; baseline -0.002 -21"><span class='ocrx_word' id='word_1_73' title='bbox 125 1058 226 1122; x_wconf 89' lang='lat' dir='ltr'><strong>neque</strong></span> <span class='ocrx_word' id='word_1_74' title='bbox 256 1037 341 1100; x_wconf 90' lang='lat' dir='ltr'><strong>malis</strong></span> <span class='ocrx_word' id='word_1_75' title='bbox 372 1052 579 1100; x_wconf 87' lang='lat' dir='ltr'><strong>annumerant.</strong></span> <span class='ocrx_word' id='word_1_76' title='bbox 625 1035 811 1110; x_wconf 78' lang='lat' dir='ltr'><strong>Questorius</strong></span> <span class='ocrx_word' id='word_1_77' title='bbox 848 1037 961 1113; x_wconf 89' lang='lat' dir='ltr'><strong>adhuc,</strong></span> <span class='ocrx_word' id='word_1_78' title='bbox 991 1057 1009 1099; x_wconf 92' lang='lat' dir='ltr'><strong>a</strong></span> <span class='ocrx_word' id='word_1_79' title='bbox 1040 1036 1131 1100; x_wconf 84' lang='lat' dir='ltr'><strong>Paeto</strong></span> 
     </span>
     <span class='ocr_line' id='line_1_11' title="bbox 125 1123 1131 1208; baseline 0.001 -22"><span class='ocrx_word' id='word_1_80' title='bbox 125 1123 266 1187; x_wconf 74' lang='lat' dir='ltr'><strong>Thrased</strong></span> <span class='ocrx_word' id='word_1_81' title='bbox 281 1145 375 1207; x_wconf 84' lang='lat' dir='ltr'><strong>gener</strong></span> <span class='ocrx_word' id='word_1_82' title='bbox 391 1124 539 1200; x_wconf 89' lang='lat' dir='ltr'><strong>delectus,</strong></span> <span class='ocrx_word' id='word_1_83' title='bbox 563 1145 581 1184; x_wconf 90' lang='lat' dir='ltr'><strong>e</strong></span> <span class='ocrx_word' id='word_1_84' title='bbox 607 1124 739 1187; x_wconf 90' lang='lat' dir='ltr'><strong>moribus</strong></span> <span class='ocrx_word' id='word_1_85' title='bbox 764 1124 861 1186; x_wconf 87' lang='lat' dir='ltr'><strong>soceri</strong></span> <span class='ocrx_word' id='word_1_86' title='bbox 885 1123 958 1185; x_wconf 91' lang='lat' dir='ltr'><strong>nihil</strong></span> <span class='ocrx_word' id='word_1_87' title='bbox 981 1123 1069 1208; x_wconf 77' lang='lat' dir='ltr'><strong>eque</strong></span> <span class='ocrx_word' id='word_1_88' title='bbox 1094 1145 1131 1187; x_wconf 90' lang='lat' dir='ltr'><strong>ac</strong></span> 
     </span>
     <span class='ocr_line' id='line_1_12' title="bbox 126 1209 1131 1291; baseline 0 -19"><span class='ocrx_word' id='word_1_89' title='bbox 126 1209 295 1274; x_wconf 88' lang='lat' dir='ltr'><strong>libertatem</strong></span> <span class='ocrx_word' id='word_1_90' title='bbox 313 1211 429 1274; x_wconf 89' lang='lat' dir='ltr'><strong>hausit:</strong></span> <span class='ocrx_word' id='word_1_91' title='bbox 453 1209 537 1286; x_wconf 90' lang='lat' dir='ltr'><strong>civis,</strong></span> <span class='ocrx_word' id='word_1_92' title='bbox 562 1209 701 1285; x_wconf 78' lang='lat' dir='ltr'><strong>Senator,</strong></span> <span class='ocrx_word' id='word_1_93' title='bbox 727 1210 861 1283; x_wconf 72' lang='lat' dir='ltr'><strong>maritus</strong></span> <span class='ocrx_word' id='word_1_94' title='bbox 885 1231 989 1291; x_wconf 85' lang='lat' dir='ltr'><strong>gener,</strong></span> <span class='ocrx_word' id='word_1_95' title='bbox 1012 1210 1131 1273; x_wconf 89' lang='lat' dir='ltr'><strong>amicus</strong></span> 
     </span>
     <span class='ocr_line' id='line_1_13' title="bbox 126 1296 1218 1381; baseline 0 -21"><span class='ocrx_word' id='word_1_96' title='bbox 126 1297 243 1360; x_wconf 90' lang='lat' dir='ltr'><strong>cunctis</strong></span> <span class='ocrx_word' id='word_1_97' title='bbox 259 1298 324 1360; x_wconf 82' lang='lat' dir='ltr'><strong>vitae</strong></span> <span class='ocrx_word' id='word_1_98' title='bbox 340 1297 446 1360; x_wconf 90' lang='lat' dir='ltr'><strong>officiis</strong></span> <span class='ocrx_word' id='word_1_99' title='bbox 469 1296 630 1380; x_wconf 79' lang='lat' dir='ltr'><strong>aequabilis,</strong></span> <span class='ocrx_word' id='word_1_100' title='bbox 653 1317 747 1379; x_wconf 93' lang='lat' dir='ltr'><strong>opum</strong></span> <span class='ocrx_word' id='word_1_101' title='bbox 770 1311 949 1374; x_wconf 84' lang='lat' dir='ltr'><strong>contemtor,</strong></span> <span class='ocrx_word' id='word_1_102' title='bbox 972 1297 1130 1381; x_wconf 87' lang='lat' dir='ltr'><strong>pervicax,</strong></span> <span class='ocrx_word' id='word_1_103' title='bbox 1217 1345 1218 1368; x_wconf 68' lang='lat'><strong>,</strong></span> 
     </span>
     <span class='ocr_line' id='line_1_14' title="bbox 126 1383 1218 1456; baseline -0.001 -9"><span class='ocrx_word' id='word_1_104' title='bbox 126 1400 267 1448; x_wconf 89' lang='lat' dir='ltr'><strong>constans</strong></span> <span class='ocrx_word' id='word_1_105' title='bbox 279 1383 421 1446; x_wconf 79' lang='lat' dir='ltr'><strong>adversis</strong></span> <span class='ocrx_word' id='word_1_106' title='bbox 437 1398 545 1446; x_wconf 88' lang='lat' dir='ltr'><strong>metus.</strong></span> <span class='ocrx_word' id='word_1_107' title='bbox 636 1443 642 1456; x_wconf 85' lang='grc'>,</span> <span class='ocrx_word' id='word_1_108' title='bbox 1217 1383 1218 1388; x_wconf 71' lang='grc'>’</span> 
     </span>
    </p>

    <p class='ocr_par' dir='ltr' id='par_1_4' title="bbox 125 1467 1218 1902">
     <span class='ocr_line' id='line_1_15' title="bbox 168 1467 1130 1556; baseline 0.003 -25"><span class='ocrx_word' id='word_1_109' title='bbox 168 1467 227 1532; x_wconf 85' lang='lat' dir='ltr'><strong>vl.</strong></span> <span class='ocrx_word' id='word_1_110' title='bbox 251 1469 357 1546; x_wconf 88' lang='lat' dir='ltr'><strong>Erant,</strong></span> <span class='ocrx_word' id='word_1_111' title='bbox 374 1469 481 1554; x_wconf 87' lang='lat' dir='ltr'><strong>quibus</strong></span> <span class='ocrx_word' id='word_1_112' title='bbox 503 1469 693 1552; x_wconf 88' lang='lat' dir='ltr'><strong>appetentior</strong></span> <span class='ocrx_word' id='word_1_113' title='bbox 714 1467 801 1533; x_wconf 85' lang='lat' dir='ltr'><strong>lamae</strong></span> <span class='ocrx_word' id='word_1_114' title='bbox 819 1469 981 1548; x_wconf 89' lang='lat' dir='ltr'><strong>videretur,</strong></span> <span class='ocrx_word' id='word_1_115' title='bbox 1004 1470 1130 1556; x_wconf 91' lang='lat' dir='ltr'><strong>quaudo</strong></span> 
     </span>
     <span class='ocr_line' id='line_1_16' title="bbox 126 1554 1218 1641; baseline 0 -21"><span class='ocrx_word' id='word_1_116' title='bbox 126 1557 217 1620; x_wconf 90' lang='lat' dir='ltr'><strong>etiam</strong></span> <span class='ocrx_word' id='word_1_117' title='bbox 233 1557 418 1641; x_wconf 85' lang='lat' dir='ltr'><strong>sapientibus</strong></span> <span class='ocrx_word' id='word_1_118' title='bbox 432 1554 543 1639; x_wconf 87' lang='lat' dir='ltr'><strong>cupido</strong></span> <span class='ocrx_word' id='word_1_119' title='bbox 558 1555 657 1636; x_wconf 86' lang='lat' dir='ltr'><strong>gloriae</strong></span> <span class='ocrx_word' id='word_1_120' title='bbox 669 1557 831 1620; x_wconf 87' lang='lat' dir='ltr'><strong>novissima</strong></span> <span class='ocrx_word' id='word_1_121' title='bbox 846 1556 977 1620; x_wconf 82' lang='lat' dir='ltr'><strong>exuitur.</strong></span> <span class='ocrx_word' id='word_1_122' title='bbox 1022 1557 1132 1621; x_wconf 77' lang='lat' dir='ltr'><strong>Ruiub</strong></span> <span class='ocrx_word' id='word_1_123' title='bbox 1217 1571 1218 1628; x_wconf 71' lang='lat' dir='ltr'><strong>t</strong></span> 
     </span>
     <span class='ocr_line' id='line_1_17' title="bbox 125 1642 1130 1727; baseline 0.002 -21"><span class='ocrx_word' id='word_1_124' title='bbox 125 1644 222 1707; x_wconf 87' lang='lat' dir='ltr'><strong>soceri</strong></span> <span class='ocrx_word' id='word_1_125' title='bbox 248 1643 277 1706; x_wconf 91' lang='lat' dir='ltr'><strong>in</strong></span> <span class='ocrx_word' id='word_1_126' title='bbox 308 1643 432 1706; x_wconf 82' lang='lat' dir='ltr'><strong>exilium</strong></span> <span class='ocrx_word' id='word_1_127' title='bbox 465 1642 578 1726; x_wconf 87' lang='lat' dir='ltr'><strong>pulsus,</strong></span> <span class='ocrx_word' id='word_1_128' title='bbox 605 1657 648 1718; x_wconf 88' lang='lat' dir='ltr'><strong>ut,</strong></span> <span class='ocrx_word' id='word_1_129' title='bbox 685 1643 789 1706; x_wconf 86' lang='lat' dir='ltr'><strong>Galbae</strong></span> <span class='ocrx_word' id='word_1_130' title='bbox 814 1642 1001 1727; x_wconf 86' lang='lat' dir='ltr'><strong>Principatu,</strong></span> <span class='ocrx_word' id='word_1_131' title='bbox 1026 1645 1130 1722; x_wconf 90' lang='lat' dir='ltr'><strong>rediit,</strong></span> 
     </span>
     <span class='ocr_line' id='line_1_18' title="bbox 126 1728 1218 1814; baseline 0.001 -21"><span class='ocrx_word' id='word_1_132' title='bbox 126 1728 308 1794; x_wconf 88' lang='lat' dir='ltr'><strong>Marcellum</strong></span> <span class='ocrx_word' id='word_1_133' title='bbox 332 1728 472 1813; x_wconf 87' lang='lat' dir='ltr'><strong>Eprium,</strong></span> <span class='ocrx_word' id='word_1_134' title='bbox 496 1728 662 1791; x_wconf 87' lang='lat' dir='ltr'><strong>delatorem</strong></span> <span class='ocrx_word' id='word_1_135' title='bbox 677 1728 835 1807; x_wconf 76' lang='lat' dir='ltr'><strong>Thraseae,</strong></span> <span class='ocrx_word' id='word_1_136' title='bbox 858 1751 999 1793; x_wconf 90' lang='lat' dir='ltr'><strong>accusare</strong></span> <span class='ocrx_word' id='word_1_137' title='bbox 1023 1750 1133 1814; x_wconf 84' lang='lat' dir='ltr'><strong>aggre-</strong></span> <span class='ocrx_word' id='word_1_138' title='bbox 1217 1731 1218 1736; x_wconf 68' lang='grc'>’</span> 
     </span>
     <span class='ocr_line' id='line_1_19' title="bbox 127 1815 1131 1902; baseline 0.004 -24"><span class='ocrx_word' id='word_1_139' title='bbox 127 1816 217 1878; x_wconf 84' lang='lat' dir='ltr'><strong>ditur.</strong></span> <span class='ocrx_word' id='word_1_140' title='bbox 263 1815 311 1878; x_wconf 88' lang='lat' dir='ltr'><strong>Ea</strong></span> <span class='ocrx_word' id='word_1_141' title='bbox 328 1815 411 1894; x_wconf 90' lang='lat' dir='ltr'><strong>ultio,</strong></span> <span class='ocrx_word' id='word_1_142' title='bbox 435 1817 592 1892; x_wconf 88' lang='lat' dir='ltr'><strong>incertum,</strong></span> <span class='ocrx_word' id='word_1_143' title='bbox 610 1815 705 1900; x_wconf 89' lang='lat' dir='ltr'><strong>major</strong></span> <span class='ocrx_word' id='word_1_144' title='bbox 730 1838 767 1879; x_wconf 90' lang='lat' dir='ltr'><strong>an</strong></span> <span class='ocrx_word' id='word_1_145' title='bbox 788 1817 906 1902; x_wconf 87' lang='lat' dir='ltr'><strong>justior,</strong></span> <span class='ocrx_word' id='word_1_146' title='bbox 929 1816 1078 1881; x_wconf 84' lang='lat' dir='ltr'><strong>Senatum</strong></span> <span class='ocrx_word' id='word_1_147' title='bbox 1102 1819 1131 1882; x_wconf 91' lang='lat' dir='ltr'><strong>iu</strong></span> 
     </span>
    </p>
   </div>
   <div class='ocr_carea' id='block_1_4' title="bbox 23 1900 1218 1986">
    <p class='ocr_par' dir='ltr' id='par_1_5' title="bbox 23 1900 1218 1986">
     <span class='ocr_line' id='line_1_20' title="bbox 23 1900 1218 1986; baseline 0.003 -21"><span class='ocrx_word' id='word_1_148' title='bbox 23 1903 25 1910; x_wconf 74' lang='grc'>’</span> <span class='ocrx_word' id='word_1_149' title='bbox 127 1901 408 1966; x_wconf 83' lang='lat' dir='ltr'><strong>studiadiduxerat.</strong></span> <span class='ocrx_word' id='word_1_150' title='bbox 455 1900 547 1978; x_wconf 92' lang='lat' dir='ltr'><strong>Nam,</strong></span> <span class='ocrx_word' id='word_1_151' title='bbox 563 1903 587 1964; x_wconf 90' lang='lat' dir='ltr'><strong>si</strong></span> <span class='ocrx_word' id='word_1_152' title='bbox 608 1904 731 1966; x_wconf 90' lang='lat' dir='ltr'><strong>caderet</strong></span> <span class='ocrx_word' id='word_1_153' title='bbox 746 1902 922 1981; x_wconf 89' lang='lat' dir='ltr'><strong>Marcellus,</strong></span> <span class='ocrx_word' id='word_1_154' title='bbox 938 1925 1046 1986; x_wconf 84' lang='lat' dir='ltr'><strong>agmen</strong></span> <span class='ocrx_word' id='word_1_155' title='bbox 1064 1925 1133 1970; x_wconf 89' lang='lat' dir='ltr'><strong>reo-</strong></span> <span class='ocrx_word' id='word_1_156' title='bbox 1217 1917 1218 1920; x_wconf 76' lang='grc'>’</span> 
     </span>
    </p>
   </div>
   <div class='ocr_carea' id='block_1_5' title="bbox 124 1987 1218 2506">
    <p class='ocr_par' dir='ltr' id='par_1_6' title="bbox 124 1987 1218 2506">
     <span class='ocr_line' id='line_1_21' title="bbox 126 1987 1132 2072; baseline 0.005 -21"><span class='ocrx_word' id='word_1_157' title='bbox 126 2009 194 2052; x_wconf 93' lang='lat' dir='ltr'><strong>rum</strong></span> <span class='ocrx_word' id='word_1_158' title='bbox 210 1987 408 2050; x_wconf 89' lang='lat' dir='ltr'><strong>sternebatur.</strong></span> <span class='ocrx_word' id='word_1_159' title='bbox 454 1987 558 2052; x_wconf 76' lang='lat' dir='ltr'><strong>Primis</strong></span> <span class='ocrx_word' id='word_1_160' title='bbox 575 1989 676 2052; x_wconf 84' lang='lat' dir='ltr'><strong>minax</strong></span> <span class='ocrx_word' id='word_1_161' title='bbox 688 2005 854 2067; x_wconf 89' lang='lat' dir='ltr'><strong>certamen,</strong></span> <span class='ocrx_word' id='word_1_162' title='bbox 870 2005 900 2054; x_wconf 91' lang='lat' dir='ltr'><strong>et</strong></span> <span class='ocrx_word' id='word_1_163' title='bbox 915 1991 1042 2072; x_wconf 83' lang='lat' dir='ltr'><strong>egregiis</strong></span> <span class='ocrx_word' id='word_1_164' title='bbox 1059 1993 1132 2056; x_wconf 91' lang='lat' dir='ltr'><strong>utri-</strong></span> 
     </span>
     <span class='ocr_line' id='line_1_22' title="bbox 126 2074 1130 2158; baseline 0.005 -23"><span class='ocrx_word' id='word_1_165' title='bbox 126 2095 223 2158; x_wconf 90' lang='lat' dir='ltr'><strong>usque</strong></span> <span class='ocrx_word' id='word_1_166' title='bbox 239 2074 420 2137; x_wconf 91' lang='lat' dir='ltr'><strong>orationibus</strong></span> <span class='ocrx_word' id='word_1_167' title='bbox 431 2088 585 2140; x_wconf 89' lang='lat' dir='ltr'><strong>testatum.</strong></span> <span class='ocrx_word' id='word_1_168' title='bbox 631 2075 719 2152; x_wconf 84' lang='lat' dir='ltr'><strong>Mox,</strong></span> <span class='ocrx_word' id='word_1_169' title='bbox 736 2075 828 2138; x_wconf 74' lang='lat' dir='ltr'><strong>dubis</strong></span> <span class='ocrx_word' id='word_1_170' title='bbox 839 2077 992 2140; x_wconf 87' lang='lat' dir='ltr'><strong>voluntate</strong></span> <span class='ocrx_word' id='word_1_171' title='bbox 1006 2077 1130 2156; x_wconf 85' lang='lat' dir='ltr'><strong>Galbae,</strong></span> 
     </span>
     <span class='ocr_line' id='line_1_23' title="bbox 126 2159 1132 2246; baseline 0.004 -22"><span class='ocrx_word' id='word_1_172' title='bbox 126 2161 228 2224; x_wconf 89' lang='lat' dir='ltr'><strong>multis</strong></span> <span class='ocrx_word' id='word_1_173' title='bbox 243 2159 423 2224; x_wconf 87' lang='lat' dir='ltr'><strong>Senatorum</strong></span> <span class='ocrx_word' id='word_1_174' title='bbox 440 2161 685 2246; x_wconf 87' lang='lat' dir='ltr'><strong>deprecantibus,</strong></span> <span class='ocrx_word' id='word_1_175' title='bbox 700 2163 798 2227; x_wconf 90' lang='lat' dir='ltr'><strong>omisit</strong></span> <span class='ocrx_word' id='word_1_176' title='bbox 814 2161 956 2227; x_wconf 88' lang='lat' dir='ltr'><strong>Priscus:</strong></span> <span class='ocrx_word' id='word_1_177' title='bbox 982 2165 1081 2242; x_wconf 88' lang='lat' dir='ltr'><strong>variis,</strong></span> <span class='ocrx_word' id='word_1_178' title='bbox 1098 2179 1132 2228; x_wconf 95' lang='lat' dir='ltr'><strong>ut</strong></span> 
     </span>
     <span class='ocr_line' id='line_1_24' title="bbox 126 2248 1131 2331; baseline 0.003 -20"><span class='ocrx_word' id='word_1_179' title='bbox 126 2261 196 2311; x_wconf 89' lang='lat' dir='ltr'><strong>suut</strong></span> <span class='ocrx_word' id='word_1_180' title='bbox 211 2248 366 2310; x_wconf 91' lang='lat' dir='ltr'><strong>hominum</strong></span> <span class='ocrx_word' id='word_1_181' title='bbox 382 2249 511 2331; x_wconf 84' lang='lat' dir='ltr'><strong>ingenia,</strong></span> <span class='ocrx_word' id='word_1_182' title='bbox 527 2249 727 2328; x_wconf 86' lang='lat' dir='ltr'><strong>sermonibus,</strong></span> <span class='ocrx_word' id='word_1_183' title='bbox 752 2249 987 2314; x_wconf 87' lang='lat' dir='ltr'><strong>moderationem</strong></span> <span class='ocrx_word' id='word_1_184' title='bbox 1003 2251 1131 2314; x_wconf 88' lang='lat' dir='ltr'><strong>laudau-</strong></span> 
     </span>
     <span class='ocr_line' id='line_1_25' title="bbox 126 2333 1130 2420; baseline 0.004 -24"><span class='ocrx_word' id='word_1_185' title='bbox 126 2333 212 2410; x_wconf 87' lang='lat' dir='ltr'><strong>tium,</strong></span> <span class='ocrx_word' id='word_1_186' title='bbox 229 2349 280 2396; x_wconf 89' lang='lat' dir='ltr'><strong>aut</strong></span> <span class='ocrx_word' id='word_1_187' title='bbox 294 2336 490 2398; x_wconf 88' lang='lat' dir='ltr'><strong>constantiam</strong></span> <span class='ocrx_word' id='word_1_188' title='bbox 507 2337 733 2420; x_wconf 87' lang='lat' dir='ltr'><strong>requirentium.</strong></span> <span class='ocrx_word' id='word_1_189' title='bbox 779 2336 986 2414; x_wconf 83' lang='lat' dir='ltr'><strong>Cetertim‚eo</strong></span> <span class='ocrx_word' id='word_1_190' title='bbox 998 2337 1130 2402; x_wconf 81' lang='lat' dir='ltr'><strong>Senatds</strong></span> 
     </span>
     <span class='ocr_line' id='line_1_26' title="bbox 124 2418 1218 2506; baseline 0.007 -25"><span class='ocrx_word' id='word_1_191' title='bbox 124 2418 184 2496; x_wconf 91' lang='lat' dir='ltr'><strong>die,</strong></span> <span class='ocrx_word' id='word_1_192' title='bbox 197 2440 257 2503; x_wconf 92' lang='lat' dir='ltr'><strong>quo</strong></span> <span class='ocrx_word' id='word_1_193' title='bbox 267 2426 275 2456; x_wconf 90' lang='lat'>‘</span> <span class='ocrx_word' id='word_1_194' title='bbox 286 2420 325 2482; x_wconf 90' lang='lat' dir='ltr'><strong>de</strong></span> <span class='ocrx_word' id='word_1_195' title='bbox 335 2419 665 2506; x_wconf 87' lang='lat' dir='ltr'><strong>lmperioVespasiaui&#39;</strong></span> <span class='ocrx_word' id='word_1_196' title='bbox 678 2424 853 2500; x_wconf 88' lang='lat' dir='ltr'><strong>censebant,</strong></span> <span class='ocrx_word' id='word_1_197' title='bbox 865 2424 1020 2506; x_wconf 87' lang='lat' dir='ltr'><strong>placuerat</strong></span> <span class='ocrx_word' id='word_1_198' title='bbox 1033 2425 1127 2488; x_wconf 91' lang='lat' dir='ltr'><strong>‘mitti</strong></span> <span class='ocrx_word' id='word_1_199' title='bbox 1217 2479 1218 2500; x_wconf 66' lang='lat'><strong>,</strong></span> 
     </span>
    </p>
   </div>
   <div class='ocr_carea' id='block_1_6' title="bbox 27 2505 1128 2594">
    <p class='ocr_par' dir='ltr' id='par_1_7' title="bbox 27 2505 1128 2594">
     <span class='ocr_line' id='line_1_27' title="bbox 27 2505 1128 2594; baseline 0.006 -27"><span class='ocrx_word' id='word_1_200' title='bbox 27 2520 31 2528; x_wconf 85' lang='lat'>&#39;</span> <span class='ocrx_word' id='word_1_201' title='bbox 126 2506 164 2568; x_wconf 91' lang='lat' dir='ltr'><strong>ad</strong></span> <span class='ocrx_word' id='word_1_202' title='bbox 182 2505 355 2590; x_wconf 89' lang='lat' dir='ltr'><strong>Principem</strong></span> <span class='ocrx_word' id='word_1_203' title='bbox 378 2507 515 2588; x_wconf 67' lang='lat' dir='ltr'><strong>legatos?</strong></span> <span class='ocrx_word' id='word_1_204' title='bbox 562 2509 645 2573; x_wconf 88' lang='lat' dir='ltr'><strong>Hine</strong></span> <span class='ocrx_word' id='word_1_205' title='bbox 665 2511 742 2573; x_wconf 89' lang='lat' dir='ltr'><strong>inter</strong></span> <span class='ocrx_word' id='word_1_206' title='bbox 758 2509 936 2574; x_wconf 90' lang='lat' dir='ltr'><strong>Helvidium</strong></span> <span class='ocrx_word' id='word_1_207' title='bbox 953 2525 983 2574; x_wconf 93' lang='lat' dir='ltr'><strong>et</strong></span> <span class='ocrx_word' id='word_1_208' title='bbox 999 2509 1128 2594; x_wconf 87' lang='lat' dir='ltr'><strong>Eprium</strong></span> 
     </span>
    </p>
   </div>
   <div class='ocr_carea' id='block_1_7' title="bbox 120 2593 1218 3806">
    <p class='ocr_par' dir='ltr' id='par_1_8' title="bbox 121 2593 1129 2847">
     <span class='ocr_line' id='line_1_28' title="bbox 126 2593 1129 2682; baseline 0.006 -26"><span class='ocrx_word' id='word_1_209' title='bbox 126 2613 196 2656; x_wconf 86' lang='lat' dir='ltr'><strong>acre</strong></span> <span class='ocrx_word' id='word_1_210' title='bbox 212 2593 358 2677; x_wconf 71' lang='lat' dir='ltr'><strong>jurgium.</strong></span> <span class='ocrx_word' id='word_1_211' title='bbox 404 2593 527 2658; x_wconf 86' lang='lat' dir='ltr'><strong>Priscus</strong></span> <span class='ocrx_word' id='word_1_212' title='bbox 550 2597 641 2678; x_wconf 84' lang='lat' dir='ltr'><strong>‘eligi</strong></span> <span class='ocrx_word' id='word_1_213' title='bbox 663 2597 836 2660; x_wconf 90' lang='lat' dir='ltr'><strong>nominatim</strong></span> <span class='ocrx_word' id='word_1_214' title='bbox 860 2619 877 2660; x_wconf 88' lang='lat' dir='ltr'><strong>a</strong></span> <span class='ocrx_word' id='word_1_215' title='bbox 900 2595 1129 2682; x_wconf 83' lang='lat' dir='ltr'><strong>Magistratibus</strong></span> 
     </span>
     <span class='ocr_line' id='line_1_29' title="bbox 121 2677 1128 2768; baseline 0.008 -28"><span class='ocrx_word' id='word_1_216' title='bbox 121 2677 248 2764; x_wconf 89' lang='lat' dir='ltr'><strong>juratis,&#39;</strong></span> <span class='ocrx_word' id='word_1_217' title='bbox 273 2679 437 2744; x_wconf 88' lang='lat' dir='ltr'><strong>Marcellus</strong></span> <span class='ocrx_word' id='word_1_218' title='bbox 453 2688 461 2719; x_wconf 88' lang='lat'>‘</span> <span class='ocrx_word' id='word_1_219' title='bbox 475 2683 592 2746; x_wconf 89' lang='lat' dir='ltr'><strong>urnam&#39;</strong></span> <span class='ocrx_word' id='word_1_220' title='bbox 617 2683 808 2767; x_wconf 89' lang='lat' dir='ltr'><strong>postulabat:</strong></span> <span class='ocrx_word' id='word_1_221' title='bbox 831 2705 896 2768; x_wconf 84' lang='lat' dir='ltr'><strong>quae</strong></span> <span class='ocrx_word' id='word_1_222' title='bbox 919 2684 1052 2748; x_wconf 88' lang='lat' dir='ltr'><strong>consulis</strong></span> <span class='ocrx_word' id='word_1_223' title='bbox 1074 2685 1128 2748; x_wconf 91' lang='lat' dir='ltr'><strong>de·</strong></span> 
     </span>
     <span class='ocr_line' id='line_1_30' title="bbox 124 2765 515 2847; baseline 0.005 -19"><span class='ocrx_word' id='word_1_224' title='bbox 124 2765 230 2847; x_wconf 86' lang='lat' dir='ltr'><strong>signati</strong></span> <span class='ocrx_word' id='word_1_225' title='bbox 246 2767 392 2830; x_wconf 87' lang='lat' dir='ltr'><strong>sententia</strong></span> <span class='ocrx_word' id='word_1_226' title='bbox 409 2767 515 2832; x_wconf 88' lang='lat' dir='ltr'><strong>luerat.</strong></span> 
     </span>
    </p>

    <p class='ocr_par' dir='ltr' id='par_1_9' title="bbox 120 2849 1218 3806">
     <span class='ocr_line' id='line_1_31' title="bbox 168 2849 1126 2941; baseline 0.006 -27"><span class='ocrx_word' id='word_1_227' title='bbox 168 2849 243 2914; x_wconf 89' lang='lat' dir='ltr'><strong>Vll.</strong></span> <span class='ocrx_word' id='word_1_228' title='bbox 267 2851 328 2916; x_wconf 89' lang='lat' dir='ltr'><strong>Sed</strong></span> <span class='ocrx_word' id='word_1_229' title='bbox 347 2852 486 2916; x_wconf 88' lang='lat' dir='ltr'><strong>Marcelli</strong></span> <span class='ocrx_word' id='word_1_230' title='bbox 498 2855 628 2917; x_wconf 89' lang='lat' dir='ltr'><strong>studium</strong></span> <span class='ocrx_word' id='word_1_231' title='bbox 645 2857 783 2941; x_wconf 91' lang='lat' dir='ltr'><strong>proprius</strong></span> <span class='ocrx_word' id='word_1_232' title='bbox 798 2857 887 2920; x_wconf 91' lang='lat' dir='ltr'><strong>rubor</strong></span> <span class='ocrx_word' id='word_1_233' title='bbox 902 2857 1064 2936; x_wconf 86' lang='lat' dir='ltr'><strong>excitabat,</strong></span> <span class='ocrx_word' id='word_1_234' title='bbox 1076 2879 1126 2936; x_wconf 86' lang='lat' dir='ltr'><strong>ne,</strong></span> 
     </span>
     <span class='ocr_line' id='line_1_32' title="bbox 125 2937 1218 3028; baseline 0.006 -27"><span class='ocrx_word' id='word_1_235' title='bbox 125 2937 189 3002; x_wconf 88' lang='lat' dir='ltr'><strong>aliis</strong></span> <span class='ocrx_word' id='word_1_236' title='bbox 205 2939 319 3016; x_wconf 73' lang='lat' dir='ltr'><strong>electis</strong></span> <span class='ocrx_word' id='word_1_237' title='bbox 336 2939 521 3022; x_wconf 87' lang='lat' dir='ltr'><strong>posthabitus</strong></span> <span class='ocrx_word' id='word_1_238' title='bbox 543 2942 727 3005; x_wconf 90' lang='lat' dir='ltr'><strong>crederetur.</strong></span> <span class='ocrx_word' id='word_1_239' title='bbox 774 2943 987 3028; x_wconf 90' lang='lat' dir='ltr'><strong>Paulatimque</strong></span> <span class='ocrx_word' id='word_1_240' title='bbox 1010 2967 1065 3027; x_wconf 90' lang='lat' dir='ltr'><strong>per</strong></span> <span class='ocrx_word' id='word_1_241' title='bbox 1085 2946 1128 3007; x_wconf 88' lang='lat' dir='ltr'><strong>al·</strong></span> <span class='ocrx_word' id='word_1_242' title='bbox 1217 3019 1218 3024; x_wconf 8' lang='grc' dir='ltr'>η</span> 
     </span>
     <span class='ocr_line' id='line_1_33' title="bbox 125 3026 1125 3113; baseline 0.006 -25"><span class='ocrx_word' id='word_1_243' title='bbox 125 3026 323 3088; x_wconf 88' lang='lat' dir='ltr'><strong>tercatiouem</strong></span> <span class='ocrx_word' id='word_1_244' title='bbox 339 3027 377 3088; x_wconf 90' lang='lat' dir='ltr'><strong>ad</strong></span> <span class='ocrx_word' id='word_1_245' title='bbox 389 3027 547 3089; x_wconf 88' lang='lat' dir='ltr'><strong>continuas</strong></span> <span class='ocrx_word' id='word_1_246' title='bbox 559 3041 590 3090; x_wconf 88' lang='lat' dir='ltr'><strong>et</strong></span> <span class='ocrx_word' id='word_1_247' title='bbox 605 3026 726 3090; x_wconf 82' lang='lat' dir='ltr'><strong>infestas</strong></span> <span class='ocrx_word' id='word_1_248' title='bbox 741 3030 889 3092; x_wconf 83' lang='lat' dir='ltr'><strong>orationes</strong></span> <span class='ocrx_word' id='word_1_249' title='bbox 906 3031 1036 3113; x_wconf 86' lang='lat' dir='ltr'><strong>provecti</strong></span> <span class='ocrx_word' id='word_1_250' title='bbox 1046 3043 1125 3108; x_wconf 92' lang='lat' dir='ltr'><strong>sunt,</strong></span> 
     </span>
     <span class='ocr_line' id='line_1_34' title="bbox 126 3110 1127 3200; baseline 0.006 -26"><span class='ocrx_word' id='word_1_251' title='bbox 126 3126 278 3196; x_wconf 76' lang='lat' dir='ltr'><strong>querente</strong></span> <span class='ocrx_word' id='word_1_252' title='bbox 294 3110 449 3190; x_wconf 87' lang='lat' dir='ltr'><strong>Helvidio,</strong></span> <span class='ocrx_word' id='word_1_253' title='bbox 466 3113 555 3196; x_wconf 89' lang='lat' dir='ltr'><strong>‘quid</strong></span> <span class='ocrx_word' id='word_1_254' title='bbox 573 3114 611 3176; x_wconf 91' lang='lat' dir='ltr'><strong>ita</strong></span> <span class='ocrx_word' id='word_1_255' title='bbox 628 3112 791 3177; x_wconf 88' lang='lat' dir='ltr'><strong>Marcellus</strong></span> <span class='ocrx_word' id='word_1_256' title='bbox 802 3115 950 3200; x_wconf 86' lang='lat' dir='ltr'><strong>judicium</strong></span> <span class='ocrx_word' id='word_1_257' title='bbox 965 3115 1127 3199; x_wconf 84' lang='lat' dir='ltr'><strong>Magistra·</strong></span> 
     </span>
     <span class='ocr_line' id='line_1_35' title="bbox 125 3199 1125 3289; baseline 0.007 -29"><span class='ocrx_word' id='word_1_258' title='bbox 125 3211 210 3260; x_wconf 91' lang='lat' dir='ltr'><strong>tuum</strong></span> <span class='ocrx_word' id='word_1_259' title='bbox 228 3199 428 3281; x_wconf 86' lang='lat' dir='ltr'><strong>pavesceret?</strong></span> <span class='ocrx_word' id='word_1_260' title='bbox 451 3219 518 3262; x_wconf 91' lang='lat' dir='ltr'><strong>esse</strong></span> <span class='ocrx_word' id='word_1_261' title='bbox 541 3199 581 3261; x_wconf 88' lang='lat' dir='ltr'><strong>illl</strong></span> <span class='ocrx_word' id='word_1_262' title='bbox 599 3201 758 3282; x_wconf 90' lang='lat' dir='ltr'><strong>pecuniam</strong></span> <span class='ocrx_word' id='word_1_263' title='bbox 775 3217 806 3264; x_wconf 88' lang='lat' dir='ltr'><strong>et</strong></span> <span class='ocrx_word' id='word_1_264' title='bbox 826 3203 1039 3288; x_wconf 90' lang='lat' dir='ltr'><strong>eloquentiam,</strong></span> <span class='ocrx_word' id='word_1_265' title='bbox 1060 3203 1125 3289; x_wconf 85' lang='lat' dir='ltr'><strong>quis</strong></span> 
     </span>
     <span class='ocr_line' id='line_1_36' title="bbox 123 3283 1124 3373; baseline 0.008 -27"><span class='ocrx_word' id='word_1_266' title='bbox 123 3283 234 3346; x_wconf 89' lang='lat' dir='ltr'><strong>multos</strong></span> <span class='ocrx_word' id='word_1_267' title='bbox 250 3283 386 3359; x_wconf 88' lang='lat' dir='ltr'><strong>anteiret,</strong></span> <span class='ocrx_word' id='word_1_268' title='bbox 402 3284 432 3346; x_wconf 92' lang='lat' dir='ltr'><strong>ni</strong></span> <span class='ocrx_word' id='word_1_269' title='bbox 455 3283 601 3348; x_wconf 76' lang='lat' dir='ltr'><strong>memorii:</strong></span> <span class='ocrx_word' id='word_1_270' title='bbox 623 3285 803 3368; x_wconf 83' lang='lat' dir='ltr'><strong>flagitiorum</strong></span> <span class='ocrx_word' id='word_1_271' title='bbox 826 3304 991 3373; x_wconf 86' lang='lat' dir='ltr'><strong>urgeretur.</strong></span> <span class='ocrx_word' id='word_1_272' title='bbox 1037 3291 1124 3354; x_wconf 89' lang='lat' dir='ltr'><strong>Sorte</strong></span> 
     </span>
     <span class='ocr_line' id='line_1_37' title="bbox 124 3367 1122 3456; baseline 0.008 -24"><span class='ocrx_word' id='word_1_273' title='bbox 124 3384 155 3432; x_wconf 92' lang='lat' dir='ltr'><strong>et</strong></span> <span class='ocrx_word' id='word_1_274' title='bbox 178 3367 254 3430; x_wconf 78' lang='lat' dir='ltr'><strong>urob</strong></span> <span class='ocrx_word' id='word_1_275' title='bbox 279 3389 378 3430; x_wconf 87' lang='lat' dir='ltr'><strong>mores</strong></span> <span class='ocrx_word' id='word_1_276' title='bbox 400 3391 460 3432; x_wconf 89' lang='lat' dir='ltr'><strong>non</strong></span> <span class='ocrx_word' id='word_1_277' title='bbox 485 3372 634 3435; x_wconf 87' lang='lat' dir='ltr'><strong>discerni:</strong></span> <span class='ocrx_word' id='word_1_278' title='bbox 656 3373 796 3456; x_wconf 84' lang='lat' dir='ltr'><strong>suffragia</strong></span> <span class='ocrx_word' id='word_1_279' title='bbox 819 3390 850 3439; x_wconf 94' lang='lat' dir='ltr'><strong>et</strong></span> <span class='ocrx_word' id='word_1_280' title='bbox 872 3375 1122 3440; x_wconf 86' lang='lat' dir='ltr'><strong>existimationem</strong></span> 
     </span>
     <span class='ocr_line' id='line_1_38' title="bbox 124 3453 1124 3546; baseline 0.008 -28"><span class='ocrx_word' id='word_1_281' title='bbox 124 3453 255 3518; x_wconf 81' lang='lat' dir='ltr'><strong>Senattis</strong></span> <span class='ocrx_word' id='word_1_282' title='bbox 270 3469 399 3536; x_wconf 87' lang='lat' dir='ltr'><strong>reperta,</strong></span> <span class='ocrx_word' id='word_1_283' title='bbox 416 3470 448 3518; x_wconf 91' lang='lat' dir='ltr'><strong>ut</strong></span> <span class='ocrx_word' id='word_1_284' title='bbox 470 3457 500 3519; x_wconf 92' lang='lat' dir='ltr'><strong>in</strong></span> <span class='ocrx_word' id='word_1_285' title='bbox 516 3457 662 3542; x_wconf 88' lang='lat' dir='ltr'><strong>cujusque</strong></span> <span class='ocrx_word' id='word_1_286' title='bbox 677 3461 767 3522; x_wconf 90' lang='lat' dir='ltr'><strong>vitam</strong></span> <span class='ocrx_word' id='word_1_287' title='bbox 792 3459 963 3546; x_wconf 84' lang='lat' dir='ltr'><strong>famamque</strong></span> <span class='ocrx_word' id='word_1_288' title='bbox 986 3479 1124 3544; x_wconf 90' lang='lat' dir='ltr'><strong>penetra·</strong></span> 
     </span>
     <span class='ocr_line' id='line_1_39' title="bbox 122 3542 1122 3631; baseline 0.01 -29"><span class='ocrx_word' id='word_1_289' title='bbox 122 3553 209 3606; x_wconf 89' lang='lat' dir='ltr'><strong>reut:</strong></span> <span class='ocrx_word' id='word_1_290' title='bbox 234 3542 384 3624; x_wconf 89' lang='lat' dir='ltr'><strong>pertinere</strong></span> <span class='ocrx_word' id='word_1_291' title='bbox 415 3542 453 3604; x_wconf 88' lang='lat' dir='ltr'><strong>ad</strong></span> <span class='ocrx_word' id='word_1_292' title='bbox 484 3544 641 3607; x_wconf 87' lang='lat' dir='ltr'><strong>utilitatem</strong></span> <span class='ocrx_word' id='word_1_293' title='bbox 675 3544 877 3630; x_wconf 73' lang='lat' dir='ltr'><strong>Reipublicae,</strong></span> <span class='ocrx_word' id='word_1_294' title='bbox 905 3548 1054 3631; x_wconf 90' lang='lat' dir='ltr'><strong>pertinere</strong></span> <span class='ocrx_word' id='word_1_295' title='bbox 1085 3549 1122 3612; x_wconf 89' lang='lat' dir='ltr'><strong>ad</strong></span> 
     </span>
     <span class='ocr_line' id='line_1_40' title="bbox 120 3624 1121 3718; baseline 0.01 -30"><span class='ocrx_word' id='word_1_296' title='bbox 120 3624 298 3712; x_wconf 87' lang='lat' dir='ltr'><strong>Vespasiani</strong></span> <span class='ocrx_word' id='word_1_297' title='bbox 327 3628 482 3706; x_wconf 91' lang='lat' dir='ltr'><strong>honorem,</strong></span> <span class='ocrx_word' id='word_1_298' title='bbox 508 3651 668 3694; x_wconf 90' lang='lat' dir='ltr'><strong>occurrere</strong></span> <span class='ocrx_word' id='word_1_299' title='bbox 692 3633 744 3708; x_wconf 90' lang='lat' dir='ltr'><strong>illi,</strong></span> <span class='ocrx_word' id='word_1_300' title='bbox 768 3656 843 3718; x_wconf 92' lang='lat' dir='ltr'><strong>quos</strong></span> <span class='ocrx_word' id='word_1_301' title='bbox 865 3635 1121 3698; x_wconf 88' lang='lat' dir='ltr'><strong>innocentissimos</strong></span> 
     </span>
     <span class='ocr_line' id='line_1_41' title="bbox 120 3711 1120 3806; baseline 0.01 -30"><span class='ocrx_word' id='word_1_302' title='bbox 120 3711 249 3778; x_wconf 88' lang='lat' dir='ltr'><strong>Senatus</strong></span> <span class='ocrx_word' id='word_1_303' title='bbox 265 3713 385 3794; x_wconf 87' lang='lat' dir='ltr'><strong>babeat,</strong></span> <span class='ocrx_word' id='word_1_304' title='bbox 402 3715 452 3800; x_wconf 91' lang='lat' dir='ltr'><strong>qui</strong></span> <span class='ocrx_word' id='word_1_305' title='bbox 468 3715 601 3780; x_wconf 88' lang='lat' dir='ltr'><strong>honestis</strong></span> <span class='ocrx_word' id='word_1_306' title='bbox 616 3719 805 3786; x_wconf 90' lang='lat' dir='ltr'><strong>sermonibus</strong></span> <span class='ocrx_word' id='word_1_307' title='bbox 829 3741 914 3785; x_wconf 89' lang='lat' dir='ltr'><strong>aures</strong></span> <span class='ocrx_word' id='word_1_308' title='bbox 930 3721 1120 3806; x_wconf 88' lang='lat' dir='ltr'><strong>Imperatoris</strong></span> 
     </span>
    </p>
   </div>
   <div class='ocr_carea' id='block_1_8' title="bbox 0 0 1246 4316">
    <p class='ocr_par' dir='ltr' id='par_1_10' title="bbox 0 0 1246 4316">
     <span class='ocr_line' id='line_1_42' title="bbox 0 0 1246 4316; baseline 0 0"><span class='ocrx_word' id='word_1_309' title='bbox 0 0 1246 4316; x_wconf 95' lang='lat' dir='ltr'><strong> </strong></span> 
     </span>
    </p>
   </div>
  </div>
 </body>
</html>
