2556 4446
141 250 208 314 230
481 248 522 313 C.
547 247 656 314 Cortn.
679 249 805 314 Tacrrr

142 437 235 502 parva
250 429 336 480 scuta
351 429 382 480 et
396 435 535 479 enormes
549 415 665 498 gladios
680 415 874 498 gerentibus:
897 412 966 480 nam
982 417 1143 487 Britanno·
1220 440 1222 467 ¹

141 527 207 568 rum
224 504 313 584 gladii
328 503 392 564 sibe
409 523 551 565 mucrone
566 492 936 586 complexunfarmorum,
948 519 979 567 et
994 506 1022 568 in
1039 523 1143 590 aperto
1220 516 1222 531 ⁴

141 613 272 674 pugnarn
289 611 347 652 non
364 589 540 653 tolerabant.
586 587 690 670 Igitur,
715 603 748 652 ut
774 589 883 653 Batavi
906 591 1032 656 miscere
1057 596 1142 673 ictus,
1220 564 1226 817 p

1222 828 1225 885 l

1222 888 1225 965 l

141 663 434 753 seriresumbonibud,
447 697 498 738 ora
514 673 639 751 soedare,
655 691 686 739 et
701 664 807 740 streties
811 677 862 761 qui
878 677 906 740 in
923 685 1009 762 aeqtlo
1020 681 1143 744 obstite-

140 769 217 840 rant,
248 763 364 846 erigere
389 763 417 825 in
441 763 535 825 colles
561 763 657 825 aciem
684 762 828 845 coepbre3
858 777 966 827 ceterae
992 767 1142 847 cohortes,

140 851 329 914 emulatione
340 863 370 914 et
381 849 494 948 impgtu
507 828 682 925 commiste,
692 851 846 931 proximos
856 871 992 935 quosque
1007 843 1142 918 caede‘re:

140 959 176 1000 ac
191 937 326 1022 plerique
341 925 521 1012 seminece‘s,
537 949 588 998 aut
604 935 720 1018 integri,
736 935 922 1000 festinatione
941 939 1081 1017 victoriae,
1097 962 1143 1003 re-

138 1024 360 1110 linquebantur.
406 1021 529 1084 Interim
555 1022 690 1105 equiturn
720 1035 829 1085 turmae
853 1020 967 1105 sugere,
997 1027 1138 1092 covinarii

138 1113 281 1195 peditum'
297 1131 329 1172 se
354 1109 454 1192 praelio
470 1107 634 1198 miscuere:
667 1121 708 1184 et,
725 1130 895 1194 quanquam
912 1126 1066 1174 recentem
1082 1127 1142 1177 ter-

137 1219 237 1260 rorem
260 1195 431 1269 intnlerant,
455 1194 556 1256 densis
571 1207 672 1280 tamen
690 1194 819 1258 bostium
836 1197 1003 1277 agminibus
1019 1214 1050 1262 et
1072 1200 1141 1264 inae·

138 1283 275 1368 qualibus
299 1281 372 1343 locis
394 1279 561 1343 haerebant:
594 1279 777 1364 minimeque
802 1284 947 1365 equestris
974 1305 1010 1347 ea
1035 1307 1141 1368 pugne

138 1369 231 1433 iacies
246 1381 321 1444 erat,
345 1389 414 1430 cum
431 1364 508 1452 aegre
532 1365 581 1428 diu
598 1381 720 1443 stantes,
743 1367 832 1430 simul
848 1389 993 1452 equorum
1009 1375 1142 1456 corpori·

137 1457 193 1520 bus
217 1455 456 1539 impellerentur,
472 1475 507 1516 ac
523 1452 602 1538 saepe
627 1453 692 1536 vagi
708 1475 823 1531 currus,
846 1456 979 1518 exterriti
996 1457 1060 1520 sine
1076 1480 1142 1522 rec·

136 1545 249 1608 toribus
265 1543 346 1628 equi,
373 1555 404 1604 ut
428 1561 579 1625 quemque
596 1538 723 1604 formido
739 1540 858 1620 tulerat,
881 1555 1075 1623 transversos,
1090 1559 1142 1612 aut

135 1631 239 1696 obvios
255 1629 456 1694 incursabant.
1222 1616 1230 1789 p

181 1715 357 1781 XXXVll.
381 1714 425 1778 Et
441 1713 589 1791 Britanni,
602 1713 652 1798 qui
665 1711 764 1777 adbuc
777 1736 885 1798 pugne
901 1729 1043 1800 expertes
1058 1739 1141 1782 surn-
1227 1792 1229 1801 Ι

135 1825 186 1868 ma
200 1804 323 1868 collium
340 1801 521 1877 insederant,
533 1815 564 1864 et
580 1801 762 1884 paucitatem
775 1819 941 1866 nostrorum
954 1804 1039 1867 vacui
1055 1825 1142 1887 sper·
1227 1812 1229 1821 ’

135 1891 259 1966 nebant,
284 1887 407 1971 degredi
436 1887 590 1970 paulatim,
620 1901 651 1950 et
673 1888 831 1951 circumire
854 1902 938 1971 terga
955 1890 1140 1954 vincentium

135 1989 310 2060 coeperant:
342 1975 371 2036 ni
397 1974 526 2056 idipsum
542 1973 654 2035 veritus
677 1974 829 2056 Agricola,
857 1991 983 2059 quatuor
1004 1979 1140 2061 equitum

135 2063 209 2140 alas,
226 2061 263 2125 ad
278 2059 375 2124 subita
392 2059 461 2122 belli
478 2073 619 2135 retentae,
633 2060 820 2124 venientibus
835 2064 1034 2145 opposuisset,
1045 2085 1141 2147 quan·

135 2149 227 2236 tbque
244 2147 582 2222 serociirsaccurreraat,
594 2145 678 2209 tantb
693 2147 791 2211 acrids
808 2149 909 2232 pulsos
924 2149 953 2212 in
967 2149 1066 2232 sugam
1080 2150 1140 2213 dis·

130 2237 267 2324 jecisset.
319 2233 366 2298 Ita
395 2232 552 2298 consilium
583 2231 798 2298 Britannorum
826 2235 856 2298 in
887 2236 968 2320 ipsos
999 2258 1138 2300 versum:

134 2337 371 2407 transvecteque
397 2335 546 2406 precepto
562 2317 660 2383 Ducis
683 2343 701 2384 a
727 2319 825 2384 fronte
849 2323 1046 2406 pugnantium
1073 2323 1139 2402 alae,

135 2432 271 2475 aversam
298 2409 428 2472 bostium
452 2409 549 2471 aciem
569 2407 716 2470 invasere.
759 2407 843 2470 Tum
868 2393 1161 2492 verbopatennbu(

134 2497 208 2561 locis
224 2495 336 2578 grande
349 2511 378 2558 et
390 2510 476 2557 atrox
487 2477 694 2576 spectaculum
707 2479 832 2578 :tseqt'ti,
846 2475 1015 2571 vulneiare,
1027 2483 1140 2580 capere
1231 2544 1234 2569 .

84 2623 119 2656 f
134 2597 226 2668 atque
242 2580 378 2656 eosdem,
393 2580 500 2642 oblatis
516 2579 591 2658 aliis,
604 2577 775 2658 trucidare)
804 2577 877 2664 vJarn
894 2570 1037 2657 bostidm,
1049 2599 1140 2665 prout
1230 2592 1235 2641 t

135 2671 245 2753 cuique
260 2667 412 2749 ingenium
426 2680 499 2743 erat,
510 2682 638 2730 catervae
650 2681 830 2729 armatorum
848 2652 1038 2749 paucidribus
1053 2682 1141 2753 terga
1233 2666 1235 2717 ῑ

135 2735 287 2840 ρῖἓεεῐίτο,
303 2754 423 2838 quidam
440 2754 569 2818 inermes
585 2753 662 2818 ultrb
678 2775 775 2832 ruere,
799 2775 834 2818 ac
848 2775 889 2817 sa
914 2753 1000 2818 rnorti
1015 2753 1139 2819 offerre.
1162 2771 1164 2778 '

97 2841 253 2922 (Passim
269 2861 351 2904 arma
367 2855 397 2904 et
411 2861 536 2925 corpora
552 2857 582 2905 et
597 2841 687 2904 laceri
710 2855 790 2903 artus
813 2853 844 2903 et
867 2855 991 2904 cruenta
1007 2841 1138 2905 humus:

135 2944 166 2994 et
181 2929 342 3014 aliquando
365 2927 456 2990 etiarn
483 2919 568 2990 vic‘tis
594 2929 635 2989 ira
658 2927 833 3012 virtusque:
863 2943 1021 3012 postquam
1045 2928 1156 3011 sylvis'

135 3013 422 3102 appropinquarunt,
448 3014 578 3090 collecti,
602 3013 761 3098 primosse
785 3014 929 3089 nentium,
956 3013 1090 3077 incautos
1106 3028 1139 3078 et

134 3105 270 3168 locorum
287 3104 415 3185 ignaros,
431 3101 730 3175 circumveniebant)
764 3035 904 3174 bubasti
917 3098 1057 3185 frequens
1071 3100 1141 3164 abt:

135 3213 194 3276 que
211 3189 352 3272 Agricola
368 3187 478 3249 validas
495 3203 525 3248 et
537 3187 695 3271 expeditas
710 3173 860 3264 cohories‚
870 3187 1018 3268 indaginis
1034 3186 1139 3264 modo,
1239 3188 1241 3203 '

135 3291 177 3353 et,
202 3265 297 3339 sicubi
313 3274 438 3338 arctiora
454 3288 550 3350 erant,
578 3289 691 3356 partem
720 3274 865 3356 equitum,
890 3273 1017 3337 dimissis
1039 3273 1138 3358 equis,
1242 3287 1244 3338 ἶ

134 3363 221 3426 simul
239 3362 363 3426 rariores
375 3360 476 3444 sylvas
489 3361 620 3444 equitem
639 3344 804 3442 perdrltare
816 3358 964 3445 jussisset,
974 3374 1138 3444 acceptum
1243 3365 1244 3398 l

66 3453 89 3464 ''
135 3449 253 3533 aliquod
273 3449 378 3510 vulnus
404 3467 456 3530 per
483 3447 604 3510 nimiam
621 3447 761 3508 fiduciam
778 3445 864 3510 loret.
910 3446 1139 3522 Ceterrim,ubi
1243 3481 1244 3486 1

135 3536 319 3616 compositos
335 3534 424 3595 firmis
440 3533 591 3596 ordinibus
618 3534 702 3618 sequi
730 3555 828 3596 rursus
852 3532 965 3610 vidbre,
989 3533 1016 3596 in
1034 3531 1139 3616 lugam
1243 3539 1244 3550 ¹

135 3622 224 3696 versi,
241 3643 299 3682 non
312 3620 488 3701 agminibus,
502 3636 533 3683 ut
549 3620 638 3704 priris,
655 3641 711 3682 nec
724 3620 797 3682 alius
812 3619 902 3682 alium
919 3634 1139 3702 respectantes,

135 3709 190 3770 rari
213 3721 244 3767 et
268 3706 419 3766 vitabundi
444 3706 583 3781 invicem,
610 3707 772 3792 longinqua
798 3721 888 3790 atque
915 3707 980 3769 avia
1007 3707 1138 3791 petiere.

126 3791 219 3857 'Finis
238 3790 384 3874 sequendi
399 3811 461 3853 uox
487 3805 517 3855 et
541 3793 660 3857 satietas
676 3791 751 3857 suit:
773 3813 851 3857 cesa
874 3793 1003 3856 hostium
1020 3793 1057 3856 ad
1080 3793 1139 3857 de-
