2516 4250
143 243 187 304 70
444 241 754 310 C.Conrt.Trctr1
933 243 988 327 [A.
1005 241 1046 308 U.
1062 245 1140 309 822.
1244 216 1253 256 η’

146 407 261 471 Gallias
277 408 452 486 delentibus,
480 425 512 472 ut
529 410 747 472 remanentium
764 408 915 490 legionum
931 408 1053 472 uomina
1075 430 1148 492 sup·

145 496 308 578 plerentur.
354 497 435 559 Cura
450 497 521 578 ripae
538 494 713 556 Hordeonio
729 494 842 557 Flacco
859 495 1022 576 permissa:
1047 496 1111 577 ipse
1128 517 1147 558 e

145 579 321 644 Britannico
337 583 458 644 detentu
474 598 543 644 octo
559 583 650 644 millia
673 582 728 642 sibi
744 581 899 665 adjunxit:
923 597 964 656 et,
983 602 1146 663 paucorum

146 667 261 732 dierum
278 669 333 730 iter
346 689 528 750 progressus,
545 675 722 750 ‘prosperas
739 667 819 750 apud
836 666 1019 728 Bedriacum
1036 689 1093 744 res,
1110 689 1147 731 ac

145 769 241 816 morte
261 753 392 817 Othonis
416 755 583 816 concidisse
607 752 741 830 bellum,'
765 754 894 836 accepit.
939 751 1148 816 Vocattlcon·

145 840 243 916 cioue,
262 841 399 904 virtutem
417 841 542 905 militum
556 841 692 902 laudibus
707 839 852 902 cumulat.
898 837 1075 902 Postulante
1091 862 1148 904 ex*

146 929 251 1004 ercitu,
275 934 330 990 ‘ut
345 929 483 991 libertum
510 950 608 1003 suum,
632 927 810 1002 Asiaticum,
827 924 969 1010 Equestri
990 926 1145 1007 dignitate’

145 1012 281 1089 donaret,
301 1014 488 1077 inhonestam
505 1014 706 1076 adulationem
722 1013 919 1094 compescuit.
965 1011 1058 1088 Dein,
1081 1034 1148 1076 mo·

146 1098 260 1162 bilitate
277 1101 397 1182 ingenii,
414 1101 493 1185 quod
513 1099 610 1183 palam
628 1101 782 1175 abnuerat,
798 1099 875 1160 iuter
886 1112 1002 1161 secreta
1015 1099 1147 1164 convivii

146 1184 286 1266 largitur3
312 1188 527 1272 honoravitque
554 1187 721 1250 Asiaticum
744 1185 870 1261 annulis,
896 1183 1010 1246 loedum
1033 1186 1147 1250 oranni-

147 1272 229 1356 pium
247 1287 277 1334 et
293 1273 378 1335 malis
393 1275 505 1336 artibus
521 1273 722 1336 ambitiosum.

190 1357 308 1421 LVIII.
340 1358 451 1422 Iisdem
481 1360 595 1434 diebus,
624 1359 804 1422 ‘accessisse
835 1359 964 1442 partibus
988 1373 1147 1444 utramque

147 1441 378 1521 Mauretaniam,
395 1445 551 1509 interfecto
563 1445 760 1511 Procuratore
771 1445 905 1520 Albino:
917 1445 1009 1507 nuntii
1024 1445 1147 1510 vendre.
1174 1437 1178 1448 ’

147 1528 279 1594 Luceius
297 1533 434 1609 Albinus,
451 1555 467 1596 a
484 1531 607 1594 Nerone
624 1531 818 1595 Mauretania
838 1530 1014 1595 Caesariensi
1032 1553 1148 1616 praepo-

146 1617 229 1692 situs,
252 1618 354 1681 addita
369 1641 422 1704 per
437 1618 568 1682 Galbam
584 1618 756 1700 Tingitanae
779 1617 938 1702 provinciae
962 1617 1148 1686 administra·

147 1703 238 1780 tione,
263 1706 341 1768 haud
368 1706 545 1790 spernendis
568 1705 677 1768 viribus
693 1705 812 1785 agebat.
858 1701 1079 1768 Novemdenim
1094 1726 1148 1769 co·

147 1789 258 1867 hortos,
274 1793 405 1876 quinque
421 1793 484 1868 aIae,
497 1793 601 1874 ingens
618 1791 793 1855 Maurorum
809 1811 950 1854 numerus
962 1789 1075 1866 aderat,
1093 1812 1149 1875 per

147 1875 299 1940 latrocinia
309 1893 340 1940 et
352 1895 452 1961 raptus
462 1893 533 1960 apta
545 1879 624 1940 bello
635 1899 751 1942 manus.
784 1877 871 1940 Caeso
883 1875 994 1951 Galba,
1007 1877 1034 1938 iu
1048 1876 1149 1942 Otho-

146 1983 216 2024 nem
234 1985 353 2045 pronus,
370 1987 428 2027 nou
446 1963 550 2026 Asriclt
565 1980 733 2040 contentus,
751 1962 913 2046 Hispania,
930 1979 1055 2044 angusto
1070 1961 1148 2028 freto

147 2047 291 2124 diremte,
307 2050 490 2114 imminebat.
536 2049 611 2112 Inde
627 2049 739 2112 Cluvio
755 2049 838 2114 Ruso
854 2065 971 2114 metus:
999 2062 1029 2111 ct
1046 2049 1149 2114 ‘deni-

146 2154 226 2222 rnam
244 2135 393 2216 legionem
410 2136 609 2220 propinquare
625 2136 736 2212 littori,'
753 2151 785 2198 ut
799 2136 1032 2209 transmissurus
1041 2133 1146 2220 jussit:

146 2221 516 2304 praemissiCeuturiones,
543 2222 592 2306 qni
616 2221 791 2286 Maurorum
807 2223 921 2285 animos
936 2220 1059 2284 Vitellio
1073 2243 1148 2284 con·

145 2306 297 2370 ciliarent:
323 2330 421 2392 neque
437 2309 562 2370 arduum
587 2307 650 2383 suit,
679 2306 788 2388 maguti
809 2329 863 2392 per
886 2307 1052 2390 provincias
1068 2305 1149 2371 Ger-

145 2393 254 2456 manici
270 2394 419 2456 exercitlls
432 2393 522 2456 sama.
568 2393 771 2477 Spargebatur
783 2395 913 2477 iusuper,
930 2402 1049 2475 ‘spreto
1065 2391 1147 2458 Pro·

145 2479 296 2542 curatoris
310 2480 465 2559 vocabulo,
482 2479 625 2543 Albinum
641 2481 755 2564 insigne
771 2479 877 2563 Regis,
890 2493 921 2542 et
935 2477 1023 2543 Jubae
1035 2500 1147 2544 nornen

147 2567 312 2648 usurpare!

188 2651 278 2715 LIX.
304 2653 349 2716 Ita
366 2655 486 2720 mutatis
501 2655 616 2731 animis,
633 2655 754 2719 Asinius
769 2655 878 2730 Pollio,
895 2655 948 2718 ala
969 2653 1148 2733 Praefectus,

145 2738 321 2803 efidissimis
337 2742 457 2818 Albino,
468 2757 497 2806 et
512 2740 623 2806 Festus
638 2764 673 2805 ac
690 2741 801 2828 Scipio,
817 2743 984 2804 cohortium
995 2740 1148 2818 Praelecti,

144 2826 360 2908 opprimuntur.
406 2827 475 2911 Ipse
502 2829 642 2904 Albinus,
669 2829 741 2890 dum
765 2851 782 2891 e
809 2826 973 2909 Tingitana
996 2827 1150 2912 provinciis

145 2909 361 2976 Caesariensem
380 2912 597 2977 Mauretaniam
624 2916 706 2999 petit,
731 2915 872 2999 appulsus
894 2914 992 2989 littori
1019 2914 1150 2978 trucida-

145 3012 211 3062 tur:
238 3020 313 3060 uxor
328 2999 403 3084 ejus,
415 3000 484 3064 clrm
497 3021 530 3064 se
547 3002 768 3084 percussoribus
783 3001 947 3076 obtulisset,
957 3001 1043 3062 simul
1061 3001 1151 3064 inter·

85 3127 91 3134 -
145 3083 224 3146 lecta
247 3101 310 3162 est3
341 3087 412 3150 nihil
439 3109 554 3162 eorum,
582 3089 789 3171 quae‘fierent,
806 3086 929 3150 Vitellio
952 3087 1149 3171 anquirente:

145 3169 229 3235 brevi
245 3172 346 3234 auditu
364 3175 499 3256 quamvis
512 3195 620 3254 magna
636 3175 786 3252 transibat,
802 3175 897 3257 impar
911 3174 990 3236 curis
1006 3173 1149 3254 graviori-

144 3255 211 3320 bus.
268 3257 467 3322 ‘Exercitum
493 3260 597 3323 itinere
624 3261 753 3324 terrestri
781 3259 917 3345 pergere'
943 3259 1050 3344 jubet:
1081 3259 1148 3343 ipse

144 3342 241 3408 Arare
253 3343 375 3406 flumine
392 3345 561 3421 devehitur,
574 3347 656 3408 nullo
669 3347 829 3431 Principali
847 3362 961 3430 paratu,
974 3345 1027 3408 sed
1045 3360 1148 3410 vetere

144 3445 279 3510 egestate
302 3432 500 3515 conspicuus:
532 3433 629 3494 donec
651 3433 760 3497 Iunius
783 3433 911 3508 Blaesus,
937 3431 1151 3512 Lugdunensis

145 3513 251 3578 Galliae
269 3515 395 3592 Rector‚
423 3539 534 3598 genere
550 3519 664 3595 illustri,
681 3520 780 3600 largus
796 3520 896 3582 animo
918 3533 949 3580 et
966 3539 1017 3602 par
1032 3518 1150 3602 opibus,

144 3602 344 3666 circumdaret
360 3603 491 3689 Principi
507 3607 679 3680 ministeria,
702 3611 894 3668 comitaretur
910 3605 1088 3682 liberalitem
1111 3626 1150 3666 en

144 3688 210 3772 ipso
226 3689 368 3770 ingratus,
396 3693 532 3774 quamvis
547 3693 648 3756 odium
668 3690 808 3755 Vitellius
825 3692 985 3756 vernilibus
999 3690 1152 3754 blanditiis
1252 3741 1253 3758 .

147 3774 271 3838 velaret.
318 3775 433 3842 Praestd
463 3777 546 3844 luere
576 3778 720 3861 Lugduni
746 3778 912 3844 victricium
943 3777 1150 3862 victarumque
