2556 4446
125 469 190 542 268
464 467 505 536 C.
530 468 639 536 conr.
662 468 788 536 thrrr

124 633 188 715 guli
202 635 250 694 rel
275 635 380 712 capitis
403 635 537 712 periculo
560 634 721 700 defendere
742 642 908 701 tencantur,
923 641 953 694 et
972 655 989 694 a
1006 635 1127 694 nemine

125 718 191 776 sine
205 715 320 774 scelere
334 714 440 772 violari
455 715 562 782 valeat,
585 724 713 792 promta,
732 717 820 778 acris,
836 715 934 772 ririda
947 721 1127 792 pugnaxque

126 797 233 856 oratio.
274 791 323 862 Et,
338 795 362 852 si
378 795 455 852 sorte
469 796 586 852 interna
600 796 734 854 oriantur
748 794 878 860 dissidia,
893 803 944 851 aut
957 796 983 858 si
1002 805 1127 852 externa

124 876 171 934 vis
185 874 338 933 servitium
355 874 493 932 minitans
508 875 635 952 ingruat,
651 875 750 932 statim
765 873 794 930 in
810 871 988 948 eloquentie
1001 873 1125 930 fulmina

125 965 295 1029 erumpunt,
317 955 424 1027 quibus
445 963 495 1010 aut
516 952 632 1012 turbida
652 953 771 1029 ingenia
793 951 972 1010 seditionum
993 951 1126 1008 flammas

126 1034 323 1100 exsuscitent,
345 1044 396 1090 aut
417 1033 529 1109 egregii
553 1033 633 1090 cirea
659 1031 793 1108 publicos
814 1031 916 1088 hostes
941 1039 1070 1097 arceant,
1099 1038 1129 1086 et

125 1128 283 1172 commune
309 1111 453 1170 libertatis
476 1111 586 1168 bonurn
612 1121 758 1178 tueantur,
780 1109 1028 1185 eloquentiesua
1047 1107 1126 1168 haud

124 1192 231 1260 minus,
246 1192 335 1266 quem
351 1191 451 1258 armis,
467 1191 623 1248 terribiles·
670 1239 674 1244 ,

167 1271 212 1328 14.
234 1270 308 1328 lnde
329 1269 438 1328 liberas
452 1269 530 1344 apud
552 1279 657 1347 gentes
677 1268 832 1328 nobilitata
849 1277 893 1326 tot
907 1278 1057 1328 oratorum
1072 1285 1126 1326 no·

123 1349 214 1408 mina.
256 1348 330 1406 Inde
351 1359 502 1406 oratorum
522 1367 664 1416 summus,
678 1349 910 1413 Demosthenes,
925 1350 961 1406 ad
977 1365 1125 1407 summum

124 1428 301 1499 eloquentie
316 1427 475 1502 gloriaque
496 1427 646 1502 fastigium
662 1439 783 1484 evectus
798 1417 852 1484 est.
894 1427 977 1486 Vidit
991 1429 1127 1504 patriam,

123 1505 238 1562 deliciis
253 1503 444 1569 diffluentem,
460 1505 566 1577 opibus
582 1507 732 1578 corrumpi
748 1506 874 1572 facilem,
890 1525 946 1564 nec
956 1508 1019 1583 jam
1034 1505 1127 1564 serri-

122 1584 196 1650 tium
207 1593 375 1658 paventem.
417 1581 499 1640 Vidit
513 1583 614 1656 patriae
625 1583 788 1639 inhiantem
803 1601 915 1658 regem,
927 1586 1060 1642 victoriis
1072 1603 1127 1643 no·

122 1662 224 1730 bilem,
240 1662 419 1720 exercitibus
434 1660 662 1726 formidandum,
676 1661 739 1718 auri
753 1662 842 1736 copie
855 1665 1026 1736 superbum,
1042 1663 1126 1731 dolo,

122 1745 232 1800 virtute
249 1751 410 1817 potentem,
432 1741 531 1797 omnia
554 1759 703 1805 ausurum,
725 1740 795 1797 dnm
816 1739 905 1798 modb
925 1741 1052 1798 inrisam
1067 1742 1127 1800 sibi

120 1821 289 1880 libertatem
317 1819 515 1878 exscinderet.
557 1820 642 1878 Unus
666 1817 896 1887 Demosthenes,
925 1819 1048 1896 soleque
1069 1825 1127 1880 sue

123 1900 297 1975 eloquentie
310 1910 450 1967 armatus,
462 1899 602 1958 adversus
617 1899 798 1958 domesticos
812 1910 1011 1974 externosque
1022 1899 1126 1958 hostes

123 1988 183 2036 stat
196 1980 367 2047 interritus,
391 1980 515 2054 patriam
531 1997 548 2034 a
562 1989 686 2036 veterno
701 1987 831 2044 revocat,
847 1988 877 2035 et
891 1997 969 2036 novo
981 1979 1126 2038 libertatis

124 2077 228 2116 amore
256 2058 428 2126 succendit3
450 2057 622 2133 Philippum
651 2058 752 2125 eludit,
774 2067 853 2114 artes
877 2058 941 2135 ejus
961 2059 1079 2134 retegit,
1098 2060 1127 2117 ei

124 2137 236 2208 conflat
250 2137 327 2193 odia.
370 2137 497 2202 Quantis
520 2156 596 2211 opus
621 2137 677 2196 suit
698 2137 875 2212 eloquentie
895 2137 1070 2214 fulguribus,
1092 2147 1125 2196 ut

121 2216 239 2272 ,animos
265 2215 498 2290 perstringeret?
539 2215 660 2282 Quanta
679 2217 822 2274 orationis
845 2217 884 2283 ri,
907 2228 938 2274 ut
957 2227 1058 2293 parata
1080 2223 1126 2274 tot

123 2294 363 2356 machinamenta
384 2294 589 2350 subverterctl
631 2294 713 2360 Quot
736 2295 779 2352 illi
801 2295 952 2353 subeunda
974 2293 1125 2372 pericula!

122 2375 165 2434 At
192 2375 229 2432 iis
253 2373 421 2432 valescebat
444 2372 673 2432 discriminibus.
716 2373 823 2432 Patria
850 2376 981 2442 caritate,
1010 2375 1125 2433 servitii

124 2453 206 2520 odio,
222 2454 367 2512 libertatis
381 2463 451 2512 aestu
473 2453 641 2520 instinctus,
656 2456 797 2527 certaque
816 2454 1047 2512 immortalitatis
1061 2473 1127 2530 spe,

124 2551 212 2609 quam
224 2535 286 2612 jam
302 2533 552 2610 praesentiscebat,
567 2533 723 2600 animatus,
739 2531 812 2589 nihil
827 2533 944 2590 valebat
958 2535 1015 2591 nisi
1029 2533 1128 2592 excel·

123 2632 199 2681 sum,
216 2615 272 2672 nisi
287 2613 423 2680 sublime,
439 2613 503 2671 sine
523 2611 584 2670 ullo
599 2612 721 2686 privatae
736 2611 870 2670 utilitatis
891 2612 999 2680 studio,
1015 2613 1054 2670 ob
1075 2631 1127 2690 pa·

124 2694 210 2750 triam
227 2696 338 2750 tantum
353 2702 383 2749 et
397 2690 560 2766 publicam]
614 2690 632 2727 ⁸
712 2689 730 2726 ⁴⁸
811 2690 829 2727 ⁸
910 2691 926 2724 ⁴
1006 2692 1024 2730 ⁸
1104 2691 1124 2728 ³

124 2791 189 2834 rem
205 2771 349 2845 cogitare,
365 2768 437 2830 nihil
456 2769 579 2846 humile,
595 2767 667 2832 nihil
683 2767 834 2853 abjectum
851 2769 951 2854 eloqui
969 2785 1096 2856 poterat.

169 2852 330 2917 XXXVI.
366 2851 481 2934 Magna
510 2853 693 2940 eloquentia,
723 2856 800 2919 sicut
830 2855 962 2936 flamma,
999 2856 1127 2922 materii

124 2939 213 3005 alitur
236 2956 267 3004 et
296 2939 425 3004 motibus
448 2940 598 3005 excitatur
618 2956 649 3006 et
672 2943 788 3006 urendo
813 2943 960 3010 clarescit.
1007 2943 1128 3008 Eadem

125 3027 201 3090 ratio
226 3027 256 3090 in
280 3026 382 3092 nostri
407 3049 528 3113 quoque
553 3029 675 3092 civitate
705 3031 893 3116 antiquorum
920 3031 1126 3116 eloquentiam

122 3115 273 3200 prorexit.
319 3113 412 3192 Nam,
439 3117 494 3178 etsi
519 3115 624 3178 horum
652 3137 771 3200 quoque
798 3131 968 3200 temporum
992 3133 1126 3182 oratores

123 3223 161 3264 ea
176 3202 329 3265 consecuti
346 3215 426 3276 sunt,
437 3223 502 3288 qnae
514 3201 682 3285 compositi
693 3217 723 3264 et
735 3201 837 3286 quieti
851 3218 881 3268 et
898 3203 988 3266 beati
999 3205 1128 3290 Repub-

119 3287 182 3352 lica
204 3289 290 3354 tribui
311 3287 353 3350 sas
378 3302 453 3362 erat,
477 3301 578 3350 tamen
603 3286 660 3351 isti
689 3290 913 3372 perturbatione
944 3312 980 3362 ac
1005 3290 1129 3355 licentiis

123 3375 210 3459 plura
226 3377 281 3440 sibi
304 3374 422 3460 assequi
440 3374 626 3450 videbantur,
642 3396 711 3438 curn
729 3375 829 3439 mixtis
851 3377 999 3454 omnibus,
1015 3392 1046 3440 et
1061 3399 1128 3442 mo·

124 3463 262 3527 deratore
290 3483 350 3526 uno
374 3461 555 3538 carentibus,
578 3460 692 3526 tantum
724 3463 850 3547 quisque
875 3478 976 3526 orator
995 3477 1128 3548 saperet,

124 3549 269 3630 quantiam
293 3549 402 3612 erranti
429 3547 543 3631 populo
565 3549 736 3631 persuaderi
761 3563 889 3632 poterat.
936 3547 1018 3613 Hinc
1042 3551 1127 3632 leges

124 3633 249 3697 assidua
266 3649 296 3698 et
313 3635 461 3718 populare
477 3654 599 3710 nornen,
616 3634 684 3697 hinc
702 3637 865 3700 conciones
880 3635 1125 3718 Magistratuurn,

125 3717 210 3800 pene
228 3721 466 3801 pernoctantium
482 3720 511 3782 in
525 3721 721 3796 rostris,'hinc
737 3723 942 3786 accusationes
957 3723 1127 3806 potentium

121 3823 241 3868 reorum
258 3819 287 3864 et
304 3807 459 3886 assignate
475 3807 566 3868 etiam
589 3806 728 3870 domibus
743 3809 912 3886 inimicitie,
929 3810 999 3872 hinc
1019 3831 1127 3893 proce-

125 3907 190 3950 rum
214 3886 357 3950 sactiones
378 3906 408 3951 et
423 3891 542 3954 assidua
564 3892 694 3955 Senattis
719 3893 863 3956 adversius
887 3896 1008 3978 plebem
1024 3910 1127 3959 certa·

17 4033 21 4041 ,
125 3973 224 4036 mina:
247 3991 313 4056 que
329 3972 446 4052 singula
464 3977 520 4038 etsi
543 3977 747 4042 distrahebant
770 3978 1021 4065 Rempublicam,
1035 4003 1128 4048 exer-
