2508 4254
129 232 173 296 A.
189 231 230 297 C.
247 231 316 314 69.]
423 229 566 295 Hrsrou.
590 229 665 294 Lm.
689 228 855 294 Tanatus.
1071 231 1130 292 111

132 399 173 482 (is
188 396 241 462 fuit
256 393 393 474 maritus)
417 392 596 480 armigerum
613 393 688 481 ejus,
704 392 909 472 Vellocatum,
925 394 953 456 in
978 394 1132 457 matrimo-

130 486 214 548 nium
241 484 446 568 Regnumque
471 483 601 568 accepit.
646 481 806 544 Gonoussa
828 482 927 544 statim
951 480 1063 564 flagitio
1079 481 1132 543 do·

130 593 208 635 mus.
254 570 318 634 Pro
343 571 450 632 marito
479 569 577 632 studia
606 569 758 648 civitatis3
788 589 843 653 pro
872 568 1010 631 adultero
1040 567 1133 630 libido

132 657 261 739 Reginae
284 672 315 720 et
328 656 451 720 sevitia.
496 655 590 738 Igitur
603 653 755 718 Venutius
777 655 879 718 accitis
901 655 1029 730 auxiliis,
1045 653 1133 716 simul

129 745 262 828 ipsorum
288 742 467 825 Brigantum
498 741 678 818 delectione,
709 742 738 803 in
769 756 939 804 extremum
970 740 1132 804 discrimen

31 849 37 860 ’
131 829 396 894 Cartismanduam
409 829 545 892 adduxit.
590 827 674 890 Tum
686 827 779 914 petita
790 827 965 891 aRomanis
979 826 1130 912 praesidia:

132 931 164 980 et
185 917 325 979 cohortes
347 916 462 1000 alaeqne
482 929 599 992 nostrae,
617 915 703 978 variis
727 915 844 998 praeliis,
870 913 1015 978 exemere
1031 928 1133 976 tamen

131 1003 267 1088 periculo
290 1002 453 1084 Reginam.
499 1001 644 1085 Regnum
665 999 810 1080 Venutio,
830 1001 943 1064 bellurn
965 999 1062 1078 uobis,
1086 1021 1134 1064 re·

133 1089 248 1153 lictum.

177 1173 298 1238 XLVI.
320 1173 457 1238 Turbata
480 1196 534 1258 per
553 1173 677 1238 eosdem
701 1175 764 1239 dies
780 1173 954 1252 Germania,
978 1187 1009 1238 et
1032 1193 1134 1237 socor-

133 1261 185 1325 dit
200 1261 334 1338 Ducum,
350 1275 381 1324 et
403 1262 550 1324 seditione
573 1262 736 1345 legionum.
782 1260 923 1325 Externa
939 1261 980 1340 vi,
1008 1259 1134 1346 perfidiis

132 1348 247 1424 sociali,
263 1348 356 1433 prope
379 1347 487 1412 afflicta
504 1348 644 1411 Romana
659 1369 717 1411 res.
763 1347 797 1410 ld
821 1349 934 1411 bellurn
950 1369 1019 1411 cum
1035 1347 1134 1412 causis

134 1449 167 1498 et
179 1435 339 1510 ¹eventibus
352 1435 482 1515 (etenim.
494 1434 610 1517 longius
627 1448 804 1520 provectum
821 1437 883 1518 est)
897 1455 970 1497 mox
986 1454 1135 1496 memora·

133 1520 244 1585 bimus.
290 1519 378 1584 Mota
401 1535 432 1584 et
447 1520 603 1584 Dacorum
627 1542 712 1606 gens,
727 1541 880 1604 nunquam
897 1520 966 1596 fida,
982 1535 1054 1583 tunc
1069 1520 1134 1582 sine

135 1621 231 1685 metu,
248 1607 379 1670 abducto
393 1629 411 1670 c
427 1606 539 1671 Moesia
552 1608 699 1671 exercitu.
746 1606 807 1670 Sed
824 1608 920 1691 prima
931 1627 1030 1669 rerum
1041 1605 1135 1690 quieti

134 1694 385 1778 speculabantur:
411 1695 460 1756 ubi
476 1693 602 1776 flagrare
623 1693 740 1756 ltaliam
766 1693 858 1770 bello,
873 1705 982 1756 cuncta
1005 1692 1134 1755 invicem

135 1781 264 1856 hostilia,
281 1779 439 1865 accepere,
455 1780 635 1865 expugnatis
649 1779 817 1843 cohortium
834 1780 1008 1864 alarumque
1025 1779 1145 1862 hyber-v

135 1867 182 1933 nis
211 1865 337 1952 utrisque
367 1866 500 1930 Danubii
530 1866 597 1951 ripd
625 1867 826 1952 potiebantur.
870 1865 1003 1951 Jamque
1037 1878 1136 1928 castra

133 1952 287 2036 legionum
303 1952 481 2017 exscindere
506 1954 662 2036 parabant,
687 1954 717 2016 ni
742 1953 901 2017 Mucianus
924 1968 1042 2016 sextam
1062 1952 1136 2036 legi·

113 2060 225 2102 zonem
248 2041 447 2124 opposuisset,
474 2038 691 2103 Cremonensis
717 2039 851 2103 victorias
881 2061 1000 2122 gnarus,
1031 2060 1066 2101 ac
1096 2059 1136 2101 ne

135 2139 262 2189 externa
278 2126 373 2189 moles
388 2126 538 2211 utrimque
560 2127 721 2210 ingrueret,
737 2127 760 2190 si
777 2125 882 2189 Dacus
903 2125 1135 2209 Germanosque

135 2211 246 2286 diversi
266 2213 451 2294 irrupissent.
497 2213 603 2288 Affuit,
626 2228 660 2276 ut
682 2212 760 2296 saepe
777 2213 860 2288 alitis,
877 2211 1011 2274 Fortuna
1034 2209 1136 2294 populi

135 2295 280 2373 Rotnani,
304 2319 369 2381 quac
392 2297 570 2360 Mucianum
586 2299 724 2382 viresque
747 2297 880 2360 Orientis
902 2299 973 2360 illuc
996 2297 1080 2359 tulit:
1106 2309 1137 2359 et

136 2382 217 2466 qudd
244 2382 405 2446 Cremonae
426 2383 543 2446 interim
568 2385 777 2464 transegimus.
824 2381 971 2446 Fonteius
998 2382 1136 2465 Agrippa

136 2490 177 2532 ex
189 2468 265 2531 Asia
281 2469 351 2552 (pro
361 2468 496 2532 Consule
512 2489 580 2530 cam
596 2469 778 2552 provinciam
794 2490 894 2532 annuo
909 2469 1036 2552 imperio
1051 2483 1138 2531 tenu-

136 2559 215 2638 erat)
231 2554 348 2618 Moesiae
364 2556 539 2640 praepositus
555 2569 621 2618 est:
646 2555 752 2618 additis
766 2555 887 2639 copiise
902 2553 1066 2617 Vitelliano
1082 2576 1137 2618 ex·

135 2640 242 2718 emito,
259 2663 350 2726 quem
366 2643 462 2726 spargi
479 2663 533 2726 per
547 2641 726 2726 provincias,
738 2655 768 2705 et
784 2655 911 2704 externo
923 2641 1004 2704 bello
1019 2641 1136 2724 illigari,

137 2749 207 2811 pars
222 2728 336 2790 consilii
352 2728 494 2812 pacisque
510 2742 585 2791 erat.

180 2811 316 2876 XLVII.
341 2812 672 2878 Neoceteraenationes
687 2813 824 2878 silebant.
870 2813 977 2877 Subita
988 2833 1043 2898 per
1054 2812 1137 2876 Pon·

135 2897 303 2964 tum'arma
329 2901 486 2964 barbarum
514 2901 710 2984 mancipium,
736 2901 824 2982 regiae
852 2901 1006 2984 quondam
1033 2899 1136 2963 classis

135 2984 315 3064 Praelectus,
338 3002 492 3050 moverat:
516 2989 541 3050 is
557 2985 612 3050 luit
629 2987 789 3062 Anicetus,
805 2986 980 3049 Polemonis
1003 2985 1138 3063 libertus,

136 3085 307 3156 prepotens
322 3073 457 3150 olim,et,
474 3089 632 3158 postquam
649 3093 774 3156 regnum
789 3073 818 3136 in
836 3071 962 3135 sormam
977 3072 1138 3156 provincia

137 3173 277 3236 venerat,
307 3159 478 3223 mutationis
515 3160 685 3243 impatiens.
731 3157 823 3242 Igitur
852 3157 967 3222 Vitellii
1004 3158 1137 3236 nornine,

136 3244 237 3307 ascitis
252 3245 401 3328 gentibus,
418 3268 483 3330 quae
506 3245 639 3309 Pontum
663 3246 811 3323 accolunt,
834 3260 976 3330 corrupto
998 3245 1028 3308 in
1051 3266 1137 3328 spem

136 3331 308 3414 rapinarum
339 3333 531 3414 egentissimo
562 3354 693 3438 quoque,
721 3333 800 3395 hand
831 3331 1001 3396 temnendae
1032 3331 1138 3395 mantis

136 3417 255 3493 ductor,
271 3415 510 3502 Trapezuntem,
527 3433 645 3482 vetusta
668 3417 749 3482 samri
767 3419 930 3497 civitatem,
946 3441 963 3482 a
979 3417 1093 3482 Grecis
1108 3419 1138 3480 in

137 3517 277 3566 extremo
292 3503 427 3568 Pontica
443 3527 501 3568 orae
519 3505 683 3582 conditam,
699 3506 814 3569 subitus
836 3507 951 3589 irrupit.
996 3505 1083 3568 Caesa
1098 3503 1138 3566 ibi

135 3589 256 3665 cohors,
284 3589 418 3672 Regium
444 3593 588 3655 auxilium
612 3592 695 3668 olim,
719 3613 791 3655 mox
808 3592 909 3655 donati
932 3591 1054 3654 civitate
1073 3589 1139 3653 Ro·

136 3675 239 3752 mana,
255 3676 340 3756 signa
355 3699 497 3762 armaque
514 3679 543 3740 in
567 3691 700 3740 nostrum
723 3677 859 3756 modum,
878 3678 1022 3740 desidiam
1046 3677 1140 3739 licen·

136 3761 270 3848 tiamque
283 3763 472 3842 Graecorum,
488 3763 667 3828 retinebant.
713 3763 811 3828 Classi
829 3785 949 3850 quoque
965 3763 1044 3826 laces
1061 3763 1139 3826 intu-
