2516 4250
144 219 239 286 A..c
255 221 325 304 69.]
421 219 560 285 Htsaon.
584 217 659 284 Lis.
685 221 879 286 Sncuunus.
1106 219 1150 283 65

143 409 284 472 magnam
301 389 451 451 exercitus
474 400 590 486 partein
615 387 755 450 Bedriaci
772 387 970 453 remansisse
992 387 1047 447 hos
1063 385 1147 448 certe

142 475 276 538 nondum
291 475 403 537 victos:
428 487 469 550 et,
481 476 504 536 si
518 474 557 536 ita
574 473 673 549 senet,
687 472 864 535 honestiirs
857 495 885 534 m
899 473 963 534 acie
977 471 1146 554 perituros.²

145 559 203 624 His
218 559 448 664 cogitationibus
463 573 562 622 truces
578 575 628 621 aut
646 560 755 642 pavidi,
783 557 922 621 extrema
937 558 1147 640 desperatione

144 647 205 710 ad
198 669 270 708 tram
287 647 405 729 saepius,
422 667 511 730 quam
528 647 557 708 in
574 645 774 720 formidinem,
790 645 1028 707 stitnulabantur.

142 736 145 743 “
187 731 292 796 XLV.
319 734 361 796 At
373 731 553 794 Vitellianus
569 734 731 808 exercitus,
748 733 784 794 ad
802 733 937 814 quintum
962 753 979 793 a
996 731 1147 794 Bedriaco

36 833 40 836 '
142 819 275 904 lapidem
298 819 446 896 consedit,
467 841 526 882 non
543 821 621 882 ausis
638 819 776 880 Ducibus
792 815 900 879 eidem
925 817 972 880 die
988 839 1147 901 oppugna·
1184 875 1187 882 r

142 906 255 968 tionem
282 920 465 968 castrorum:
504 906 591 968 simul
625 905 789 967 voluntaria
820 904 933 966 deditio
959 905 1145 986 sperabatur.

124 997 126 1002 '
143 991 208 1055 Sed
224 993 385 1075 expeditis,
398 1005 429 1054 et
439 991 554 1054 tanturn
567 992 604 1054 ad
624 992 755 1074 praelium
772 991 909 1072 egressis,
926 991 1146 1054 nittninrentunr

141 1076 227 1141 suere
243 1100 325 1140 arma
337 1093 368 1141 et
385 1079 518 1141 victoria.
565 1077 694 1141 Postera
709 1078 768 1153 die,
793 1077 872 1139 haud
890 1077 1032 1158 ambiguis
1046 1075 1147 1140 Otho·

142 1165 222 1228 niani
239 1163 390 1228 exercitiis
404 1165 569 1240 voluntate,
584 1179 625 1240 et,
642 1167 690 1249 qui
708 1163 868 1226 ferociores
885 1161 1012 1240 fuerant,
1025 1163 1062 1226 ad
1081 1185 1147 1246 poe⁴

142 1251 298 1314 nitentium
312 1252 532 1329 inclinantibus,
550 1253 638 1314 missa
655 1252 782 1332 legatio:
807 1272 864 1314 nec
880 1250 958 1335 apud
976 1250 1080 1314 Duces
1092 1249 1148 1314 Vi·

142 1337 281 1401 tellianos
297 1337 476 1415 dubitatum,
504 1337 564 1423 qub
582 1337 678 1400 minias
695 1359 800 1422 pacem
824 1338 1039 1400 concederent
1085 1337 1148 1400 Le·

141 1424 202 1506 gati
220 1425 370 1524 paulisper
392 1425 518 1488 retenti:
549 1447 648 1488 cares
674 1425 888 1487 hesitationem
917 1425 1045 1487 attulit
1038 1424 1147 1506 ignaris

142 1509 253 1587 adhuc,
277 1533 313 1574 an
333 1510 560 1612 impetrassent.
607 1511 683 1576 Mox
707 1509 833 1574 remissa
858 1511 1018 1593 legatione,
1051 1511 1147 1594 patuit

143 1596 268 1660 vallum
313 1596 396 1660 Tunt
414 1599 483 1662 victi
488 1599 695 1704 tiqtoresque
711 1599 740 1660 in
757 1598 905 1679 lacrymas
921 1597 1019 1672 effusi,
1035 1613 1147 1660 sortem

140 1683 272 1746 civilium
290 1705 439 1746 armorum
456 1684 566 1748 misera
588 1683 689 1747 laetitid
709 1685 905 1746 detestantes.
952 1681 1063 1746 lisdem
1080 1699 1147 1746 ten·

141 1769 233 1846 toriis,
258 1771 306 1833 alii
331 1769 464 1848 fratrum,
491 1771 539 1833 alii
568 1772 815 1854 propinquorum,
843 1769 965 1832 vulnera
990 1769 1145 1832 fovebant.

142 1854 222 1940 Spes
237 1871 268 1920 et
285 1858 405 1939 premia
420 1857 449 1920 in
471 1857 632 1940 ambiguo:
656 1872 738 1919 certa
756 1855 859 1919 lunera
875 1871 906 1918 et
921 1857 1030 1919 luctus.
1077 1855 1146 1920 Nan

141 1941 298 2027 quisquam
315 1942 392 2006 adeb
408 1943 477 2006 mali
494 1965 616 2028 expers,
628 1958 661 2006 ut
674 1965 732 2006 non
749 1944 879 2028 aliquam
896 1958 1023 2006 mortem
1037 1963 1147 2006 utoere-

65 2060 67 2065 ·
141 2042 198 2092 ret.
243 2029 436 2114 Reqnisitum
463 2029 611 2130 Orpltidii·
616 2029 735 2130 Legati
762 2051 883 2113 corpus,
918 2030 1030 2092 honore
1057 2031 1147 2092 solito

121 2129 310 2196 ,crematur-z
336 2137 449 2200 paucos
464 2118 621 2180 necessarii
646 2119 777 2202 ipsorum
798 2115 985 2202 sepeliverat
1009 2133 1145 2182 osterum

141 2200 247 2282 vulgus
263 2224 354 2285 super
369 2204 493 2266 humum
517 2204 665 2268 relictum

185 2285 305 2352 XLVI.
329 2287 555 2373 Opperiebatur
569 2289 655 2353 Otho
667 2292 803 2354 nuntium
823 2313 939 2396 pugne,
953 2245 1146 2376 nequaquam

139 2375 284 2458 trepidus,
296 2389 327 2438 et
341 2377 456 2440 consilii
472 2391 590 2441 certus:
615 2393 723 2442 moesta
740 2377 868 2460 primiun
885 2376 975 2453 lama,
992 2379 1060 2440 dein
1077 2399 1146 2478 pro*

140 2457 201 2542 sugi
217 2463 348 2545 epraelio
364 2463 494 2546 perditas
507 2485 553 2526 res
570 2462 765 2548 patefaciunt.
811 2462 881 2526 Non
899 2465 1074 2546 expectavit
1090 2464 1147 2526 mi-

138 2545 225 2610 liturn
249 2549 336 2612 ardor
351 2570 458 2612 vocem
475 2549 683 2634 Imperatoris:
708 2551 839 2613 ‘bonum
866 2551 976 2612 habere
1000 2549 1144 2612 animum’

134 2631 301 2718 jubebant.
325 2642 504 2718 ‘superesse
520 2637 620 2700 adbuc
636 2658 729 2699 novas
749 2638 835 2712 vires,
859 2651 889 2701 et
911 2637 991 2719 ipsos
1007 2652 1146 2700 extrema

138 2741 276 2820 passuros
300 2743 421 2784 ausuros
446 2744 500 2786 ue
537 2745 636 2808 neque
652 2739 715 2786 erat
737 2723 880 2786 adulatio.
926 2722 997 2785 lre
990 2745 1019 2785 in
1036 2725 1144 2800 aciem,

138 2807 272 2870 excitare
285 2809 411 2892 partium
424 2723 588 2886 lorttiitam,
613 2809 709 2872 lurore
726 2810 857 2894 quodam
879 2822 909 2872 et
932 2810 1072 2872 instinctu
1090 2809 1145 2872 lla·

137 2893 280 2974 grabant:
306 2916 356 2979 qur
348 2896 476 2978 'procul
493 2898 658 2973 astiterant,
686 2898 811 2959 tendere
828 2917 944 2973 manus,
969 2913 998 2960 et
1015 2897 1144 2978 proximi

138 2999 279 3062 prensare
303 3003 420 3062 genua3
448 2984 648 3065 promtissima
671 2983 772 3046 ΡΙοιίο
796 2982 911 3045 Firmo.
956 2982 986 3045 Is
1009 2982 1144 3048 Praetorii

138 3065 314 3171 Prefeptm,
331 3068 495 3132 identidem
511 3070 625 3144 orabat,
642 3077 700 3131 ‘ne
717 3070 890 3131 fidissimum
908 3071 1088 3147 exercitum,
1105 3091 1144 3132 ne

137 3152 253 3235 optime
278 3155 398 3218 meritos
424 3156 533 3218 milites
559 3157 729 3218 desereret:
762 3157 874 3240 majore
899 3156 999 3218 animo
1025 3157 1143 3219 tolerari

137 3239 274 3316 adversa,
287 3240 377 3324 quitm
390 3241 534 3327 relinqui:
558 3242 650 3306 -sortes
666 3258 696 3305 et
712 3258 848 3306 strenuos
861 3242 951 3306 etiarn
967 3257 1071 3306 contra
1085 3241 1143 3306 lor-

137 3341 240 3388 tunam
257 3327 392 3390 insistere
407 3329 493 3411 spei3
516 3329 636 3391 timidos
652 3345 683 3391 et
706 3330 830 3410 ignavos
846 3330 882 3392 ad
900 3330 1142 3412 desperationem

136 3410 294 3475 formidine
313 3413 496 3498 properare?
542 3413 630 3488 Quas
656 3416 734 3478 inter
751 3437 852 3492 voces,
879 3431 912 3478 ut
936 3416 1063 3479 flexerat
1079 3416 1144 3478 vul·

137 3513 203 3562 turn
225 3513 277 3563 aut
293 3499 483 3564 induraverat
498 3499 594 3577 Otho,
617 3503 730 3565 clamor
745 3517 775 3564 et
791 3504 931 3585 gemitus
978 3501 1046 3564 Neo
1062 3501 1144 3566 Pra-

136 3586 242 3650 toriani
258 3586 387 3664 tantiam,
398 3588 533 3672 proprius
548 3587 680 3652 Othonis
693 3590 789 3668 miles,
801 3589 854 3652 sed
872 3589 1012 3674 premissi
1028 3610 1055 3650 e
1062 3587 1143 3652 Moe-

7 3745 13 3756 ,
30 3710 39 3755 3
136 3669 192 3749 sia,
217 3674 365 3736 ‘eundern
381 3675 611 3738 obstinationem
629 3671 818 3739 adventantis
831 3675 992 3750 exercitos,
1008 3675 1142 3774 legiones

135 3757 328 3846 Aquileiam
321 3781 480 3844 ingressas,
482 3761 697 3830 ’nuntiabantz
722 3777 753 3825 ut
770 3783 861 3827 nemo
876 3762 992 3826 dubitet
1009 3761 1141 3846 potuisse
1196 3815 1200 3823 .

616 3848 659 3916 6*
