2556 4446
538 337 723 400 Acarnana.
1068 331 1135 395 229

179 461 371 573 xxxlvffi
385 503 417 566 Si
433 523 518 565 novae
541 516 647 584 gentes
667 514 758 584 atque
774 499 873 581 ignota
889 501 971 565 acies
984 471 1155 567 constitisf'

138 611 192 672 set,
208 596 331 658 aliorum
343 579 531 653 exercituuin
545 588 694 670 exemplis
706 607 760 648 vos
771 575 924 681 hortaffll.
947 609 1027 652 nunc
1038 605 1137 654 vestra

139 683 246 745 decora
258 692 425 754 recensete,
442 693 554 738 vestros
569 675 673 738 oculos
689 674 878 754 interrogate.
924 673 949 736 li
965 691 1045 760 sunt,
1061 697 1138 760 quos

140 749 380 854 proximo‘anno,
408 783 497 825 unnm
514 762 663 842 legionem
681 760 758 822 surto
774 760 869 822 noctis
884 777 1052 843 aggressos,
1074 764 1138 826 cla·

43 853 44 926 }
139 875 221 918 more
247 849 436 914 debellaistis:
468 851 487 911 ii
510 831 684 910 cetemrurd
705 845 917 909 Britannorum
945 825 1157 930 fugacissim‘i,l

42 946 44 1018 j
138 935 266 1024 ideoque
288 953 348 1002 tam
373 936 423 998 diu
446 931 631 1018 superstites.
677 931 843 1005 Quomodo
867 933 968 1016 sylvas
983 935 1138 1020 saltusque

42 1049 43 1104 ᾗ
139 1025 361 1112 penetrantibus
377 1022 568 1085 fortissimum
580 1018 720 1103 quodque
732 1011 841 1082 animal
857 1020 962 1084 contria
976 1010 1073 1098 rueris,
1088 1043 1140 1106 pa·

140 1112 209 1175 vida
232 1125 263 1174 et
289 1109 394 1172 inertia
409 1109 473 1192 ipso
490 1091 614 1188 agminis
628 1127 714 1180 sono,
735 1103 908 1188 pelluntur:
937 1107 980 1170 sic
1003 1096 1141 1173 acerrimi

140 1197 351 1263 Britannorum
362 1193 426 1279 jam
444 1194 559 1276 pridem
576 1192 768 1256 ceciderunt:
793 1191 925 1276 reliquus
940 1209 986 1256 est
998 1215 1141 1259 numerus

140 1286 227 1368 ignav
286 1295 365 1344 met
389 1281 607 1358 metuentium·
632 1263 707 1362 qu'ris
722 1277 803 1362 qubd
828 1279 951 1342 tandem
976 1281 1142 1362 invenistiS,

140 1392 199 1434 non
216 1345 398 1444 restiteru'irt,
413 1367 467 1429 sed
483 1348 663 1449 depiebensi
679 1381 770 1428 sunt:
793 1366 955 1430 novissime
971 1389 1019 1431 res
1036 1383 1067 1431 et
1087 1391 1144 1434 ex·

40 1523 42 1530 ,
140 1471 235 1522 tremo
255 1470 338 1520 metu
354 1476 480 1537 corpora
496 1452 631 1516 defixere
647 1453 675 1513 in
693 1451 737 1513 his
754 1452 894 1533 vestigiis,
911 1453 939 1514 in
952 1455 1059 1538 quibus
1075 1456 1143 1540 pul·

39 1540 41 1638 ζ
140 1543 242 1608 ohram
267 1559 298 1606 et
318 1541 512 1628 spectabilem
530 1539 682 1601 victoriam
699 1518 839 1600 edeferis.
885 1537 1056 1622 Transigite
1071 1563 1143 1605 cum

140 1631 402 1714 expeditionibus:
447 1626 590 1708 imponite
626 1623 840 1706 quinquaginta
878 1624 963 1687 annis
998 1647 1142 1708 magnum

38 1711 41 1778 i
141 1716 239 1780 diem:
264 1714 430 1797 approbate
447 1710 636 1791 Reipublicae
660 1730 812 1792 nunquam
829 1711 976 1773 exercitui
1002 1711 1143 1798 imputari

140 1801 273 1886 potuisse
285 1813 337 1861 aut
353 1817 450 1860 moras
466 1797 548 1870 belli,
560 1811 611 1858 aut
625 1816 731 1858 causes
743 1795 931 1860 rebellandi'
1067 1833 1158 1893 „7-

183 1883 329 1949 XXXV.
354 1883 397 1946 Et
420 1883 592 1966 alloquente
617 1881 715 1944 adhuc
732 1881 885 1963 Agricold,
905 1883 1032 1949 militum
1056 1886 1129 1951 ardo

141 1955 304 2048 eminebit,
327 1987 357 2034 et
376 1970 463 2032 finem
480 1969 621 2030 orationis
636 1969 741 2049 ingens
757 1958 894 2034 alacritas
908 1988 1071 2036 consecuta
1087 1989 1144 2053 est,

37 2095 38 2098 ¹
140 2060 302 2143 statimque
326 2057 364 2120 ad
387 2077 470 2119 arma
490 2056 668 2118 discursum.
714 2043 875 2119 lnstincttss
898 2046 1079 2145 ruentesque
1103 2062 1146 2126 ita

113 2219 115 2226 ,
141 2146 299 2230 disposuit,
323 2159 357 2206 ut
382 2143 515 2226 peditum
531 2143 653 2218 auxilia,
681 2163 746 2226 que
768 2158 839 2206 octo
862 2137 1065 2223 milliderant,
1082 2169 1147 2211 me·

140 2233 222 2296 diam
235 2231 333 2294 aciem
349 2212 512 2306 firmartint,
528 2231 664 2312 equitum
679 2229 734 2292 tria
749 2230 841 2292 millia
852 2231 992 2294 cornibus
1008 2219 1161 2298 affunde(

141 2335 260 2384 rentur:
284 2318 419 2400 legiones
443 2337 496 2400 pro
522 2305 604 2378 varro
626 2314 748 2390 stetere,
775 2315 880 2397 ingens
906 2317 1035 2382 victoriae
1051 2298 1171 2386 decess

141 2407 216 2470 citra
232 2405 406 2470 Romanum
421 2403 596 2485 sanguinem
614 2385 748 2476 bellanti,
775 2416 805 2464 et
828 2402 985 2480 auxilium,
1009 2405 1032 2467 si
1050 2402 1167 2489 petre-s

141 2505 254 2556 rentur.
299 2492 513 2555 Britannorum
530 2490 621 2566 acies,
637 2490 666 2551 in
682 2487 815 2572 speciem
836 2489 922 2552 simul
940 2511 976 2554 ao
989 2506 1145 2574 terrorem,
1158 2536 1183 2558 s

140 2579 315 2642 editioribus
331 2579 405 2642 locis
419 2578 594 2640 constiterat
621 2577 671 2651 ita,
698 2593 731 2638 ut
759 2576 886 2659 primurn
911 2598 1019 2661 agmen
1047 2575 1161 2664 equo(

140 2667 233 2730 ceteri
250 2686 304 2750 per
315 2665 550 2751 acclive‘jugum
566 2642 697 2744 conneii
713 2649 795 2728 vebsr
806 2664 1015 2747 insurgerent3
1045 2668 1147 2732 media

141 2753 242 2835 campi
258 2742 428 2815 cov'marius
452 2767 482 2813 et
505 2740 599 2834 eqo‘es
614 2750 741 2832 strepitu
757 2771 792 2812 ac
808 2751 942 2816 discursu
958 2755 1144 2837 complebat.

140 2837 225 2900 Tum
242 2838 395 2918 Agricola,
411 2853 570 2918 superante
588 2837 716 2898 hostium
734 2836 932 2913 multitudine,
960 2841 1081 2914 veritus,
1106 2819 1166 2906 net

140 2923 229 2984 simul
246 2923 274 2983 in
292 2920 430 2997 frontem,
442 2921 529 2983 simul
545 2937 575 2985 et
591 2922 683 2983 latera
698 2941 818 2982 snorum
837 2939 1029 3004 pugnaretur,
1040 2926 1146 2992 diduc-

140 3009 178 3074 tis
192 3007 355 3084 ordinibus,
371 3029 541 3091 quanquam
559 3008 720 3091 porrectior
735 3007 814 3070 acies
831 3007 926 3072 lutura
941 3028 1015 3086 erat,
1031 3027 1063 3073 et
1079 3020 1146 3076 ‘ar-

141 3094 314 3158 cessendus’
345 3094 480 3178 plerique
507 3093 670 3174 ‘legiones’
701 3094 913 3171 admonebant,
946 3097 1088 3179 promtior
1113 3099 1144 3164 in

140 3203 239 3266 spem,
252 3195 284 3280 et
300 3180 402 3242 firmus
417 3181 560 3256 adversis,
585 3180 707 3242 dimisso
728 3201 807 3264 equo
823 3181 918 3264 pedes
944 3196 1014 3245 ante
1031 3166 1176 3252 vexittas

141 3281 284 3332 constitit.

187 3351 346 3418 XXXVI.
370 3329 424 3416 Ad
434 3353 530 3436 primo
540 3375 702 3436 congressu
715 3335 832 3417 eminis
842 3355 1032 3420 certabatur:
1054 3357 1143 3424 simul

139 3439 319 3516 constantiis,
339 3440 426 3502 simul
443 3456 505 3502 arte
525 3439 672 3516 Britanni,
689 3439 858 3520 ingentibus
878 3441 983 3521 gladiis
998 3458 1029 3508 et
1042 3444 1144 3511 brevi·

140 3529 198 3592 bus
213 3528 312 3603 cetris,
337 3527 457 3588 missilia
473 3542 640 3588 nostrorum
666 3528 770 3602 vitare,
796 3527 843 3590 vel
868 3518 1025 3606 excutc‘re,
1049 3549 1142 3618 atque

139 3617 197 3702 ipsi
223 3635 361 3696 magnam
387 3613 446 3675 vim
473 3613 601 3675 telorum
618 3603 855 3696 superfundere:
885 3599 983 3678 doado
999 3618 1143 3700 Agricola

140 3717 202 3768 tres
218 3700 401 3764 Batavorum
424 3700 564 3762 cohortes
592 3721 627 3762 ac
651 3699 844 3781 Tungrorum
867 3701 941 3764 duas
967 3705 1143 3772 cohortatus

140 3803 201 3866 est,
220 3773 331 3851 u(rem
348 3787 385 3849 ad
402 3809 561 3851 mucrones
587 3808 622 3850 ac
646 3809 752 3850 manus
778 3775 985 3853 adducerent:
1015 3793 1094 3875 quod
1111 3794 1164 3860 et'

139 3877 224 3962 ipsis,
249 3889 398 3940 vetustate
414 3874 536 3955 militie,
562 3875 773 4026 exspoliatum,
797 3889 828 3939 et
850 3874 984 3940 hostibus
998 3862 1161 3960 inhabile(

642 3967 664 4028 0
