2484 4316
124 193 187 256 tte
408 191 449 256 C.
473 189 582 256 Contu.
606 191 742 272 Taorrr,
758 213 835 257 nnc.
917 193 973 278 [A.
991 191 1034 256 U.
1050 195 1129 258 823.

122 373 153 422 et
167 356 296 420 advectu
312 354 374 420 Dei
389 355 597 418 celeberrima.
643 356 713 420 Nec
728 379 795 420 sum
810 357 939 440 ignarus,
955 378 1023 420 esse
1037 361 1129 441 quos'·

123 443 205 521 dam,
222 445 272 528 qui
287 451 296 482 ⁴
310 441 462 519 seleucia,
485 443 558 505 urbe
581 442 686 524 Syriae,
703 443 844 519 accitum,
859 458 1003 526 regnante
1020 443 1129 506 Ptole·

123 551 210 607 maeo,
227 551 317 614 quem
333 529 419 593 tertia
435 542 505 592 aetas
519 529 586 592 tulit
597 529 615 590 :’
638 529 686 591 alii
702 537 879 592 ‘auctorem
895 529 1025 592 eundem
1042 529 1130 594 Ptol-

123 637 263 693 emaum,
278 615 394 692 sedem,
409 635 449 677 ex
464 614 525 698 qud
536 615 691 692 transierit,
703 613 884 699 Mempbim’
902 615 1071 698 perhibent,
1085 617 1131 678 iu·

124 702 236 786 clytum
259 701 331 766 olim
355 715 386 764 et
408 703 518 764 veteris
541 699 670 784 AEgypti
700 702 852 764 columen.
898 699 1001 764 Deum
1028 703 1131 786 ipsum
1233 701 1234 734 ³

123 789 209 852 multi
227 787 465 871 ‘AEsculapium,
475 785 556 872 qudd
569 788 726 850 medeatur
741 788 825 869 egris
836 787 1012 870 corporibus
1026 787 1045 865 ;'
1062 789 1132 873 qui·

124 874 194 936 dam
221 873 353 952 ‘Osirim
377 874 612 958 antiquissimum
628 874 683 936 illis
706 874 844 957 gentibus
859 872 983 936 Numen
994 874 1012 936 ε’
1038 875 1132 956 pleri-

124 982 184 1045 que
201 959 342 1038 ‘Jovem,
353 974 386 1022 ut
401 981 500 1023 rerum
516 961 649 1022 omnium
665 975 820 1044 potentem
831 960 851 1040 ;’
869 961 988 1044 plurimi
1003 960 1131 1025 ‘Ditem

124 1061 252 1145 patrem,
265 1047 438 1130 insignibus,
451 1068 516 1130 quae
531 1046 560 1109 in
577 1047 642 1131 ipso
658 1045 834 1124 manifesta,'
852 1060 902 1109 aut
918 1068 972 1132 per
983 1048 1130 1131 ambages
1233 1119 1234 1124 η

123 1147 308 1218 conjectant.

168 1217 345 1282 LXXXV.
369 1219 412 1281 Ar
435 1218 629 1282 Domitianus
644 1217 877 1304 Mucianusque,
894 1231 1056 1304 antequam
1072 1220 1131 1284 Al·
1222 1255 1234 1301 ‚t

125 1305 213 1391 pibus
229 1307 473 1390 propinquarent,
490 1326 650 1389 prosperos
666 1326 764 1367 rernm
776 1305 959 1369 inTreveris
974 1321 1131 1388 gestarum
1226 1376 1232 1393 .

124 1393 245 1456 nuntius
261 1391 421 1476 accepere.
466 1389 626 1474 Praecipua
643 1391 771 1454 victorie
787 1392 873 1468 fides,
897 1391 972 1454 Dux
995 1393 1132 1457 bostium
1231 1399 1232 1402 ’

123 1475 312 1556 Valentinus,
327 1476 519 1563 nequiquam
535 1476 654 1562 abjecto
669 1477 779 1552 auimo,
792 1500 868 1562 quos
882 1479 1002 1562 spiritus
1018 1481 1131 1560 gessis-

125 1582 182 1644 set,
200 1566 281 1629 vultu
298 1564 421 1629 serebat.
459 1564 590 1628 Auditus
605 1564 674 1626 ideo
690 1564 817 1641 tantum,
841 1580 873 1629 ut
895 1581 1070 1628 nosceretur
1086 1566 1132 1629 iu-

126 1654 248 1736 geuium
264 1651 340 1738 ejus,
356 1652 586 1735 damnatusque,
602 1651 791 1734 interipsum
808 1652 1001 1735 supplicium,
1017 1673 1132 1736 expro-

125 1740 222 1804 branti
237 1739 357 1802 cuidam
372 1739 517 1824 ‘patriam
533 1737 598 1823 ejus
613 1737 756 1822 captam,'
773 1739 932 1822 ‘accipere
944 1760 977 1801 se
989 1739 1131 1802 solatium

126 1825 250 1902 mortis,'
267 1825 430 1910 respondit.
477 1824 540 1888 Sed
557 1823 728 1902 Mucianus,
745 1825 824 1909 quod
848 1825 900 1888 diu
915 1825 1131 1904 occultaverat,

126 1927 159 1976 ut
174 1933 281 1975 recens
297 1911 483 1996 expromsit:
509 1912 670 1996 ‘quoniam
695 1911 879 1992 benignitate
902 1911 1006 1974 Derim
1030 1911 1131 1975 sractae

126 1998 205 2062 vires
222 1999 351 2062 hostiurn
368 1997 475 2075 sorent,
500 2019 604 2081 parum
620 1997 730 2060 decore
748 1997 967 2076 Domitianum,
990 1998 1132 2063 consecto

126 2084 222 2171 prope
243 2085 332 2162 bello,
348 2084 452 2147 alienae
479 2085 579 2166 gloriae
599 2085 846 2147 interventurum.
892 2084 925 2148 Si
951 2099 1047 2149 status
1069 2084 1133 2148 lm-

125 2172 200 2257 perii
217 2185 269 2234 aut
283 2170 363 2235 salus
379 2169 544 2234 Galliarum
557 2171 586 2234 in
603 2171 774 2234 discrimine
790 2185 965 2248 verteretur,
988 2172 1132 2236 debuisse

126 2257 280 2322 Cesaram
296 2259 324 2322 in
341 2258 407 2322 acie
422 2272 520 2321 stare:
551 2257 767 2322 Canninefates
790 2257 986 2342 Batavosque
1008 2259 1134 2322 minuri-

125 2345 182 2408 bus
198 2345 323 2408 ducibus
347 2341 541 2427 delegandos.
587 2343 658 2428 lpse
682 2344 825 2426 Lugduni
843 2345 903 2408 vim
919 2345 1132 2430 fortunamque
1233 2399 1234 2422 ,

125 2430 315 2515 Principatds
330 2453 348 2493 e
364 2432 502 2517 proximu
518 2445 692 2508 ostentaret,
718 2454 776 2496 nec
798 2432 896 2518 parvis
920 2432 1061 2518 periculis
1076 2433 1134 2496 im·

126 2518 249 2592 mixtus,
266 2533 296 2581 et
309 2517 469 2603 majoribus
486 2539 544 2580 non
562 2517 739 2580 defuturus!

169 2602 357 2667 LXXXVI.
384 2602 628 2686 lntelligebantur
643 2619 741 2669 artes:
766 2604 821 2668 sed
847 2626 917 2690 pars
940 2605 1078 2690 obsequii
1100 2605 1132 2668 iu

125 2711 174 2768 eo,
187 2712 225 2754 ne
242 2689 561 2773 deprehenderentur:
591 2692 631 2754 ita
655 2691 840 2775 Lugdunum
858 2707 992 2756 ventum.
1037 2689 1133 2756 Unde

125 2777 257 2840 creditur
269 2776 472 2854 Domitianus,
482 2778 607 2841 occultis
617 2778 654 2840 ad
665 2777 818 2841 Cerialem
829 2779 948 2856 nuntiis,
962 2778 1051 2841 fidem
1065 2778 1133 2863 ejus

125 2865 300 2942 tentavisse,
317 2871 376 2928 ‘an
394 2865 530 2947 praesenti
547 2864 601 2928 sibi
618 2865 785 2928 exercitum
800 2863 1025 2950 Imperiumque
1042 2866 1136 2928 tradi-

125 2965 210 3016 turus
226 2949 331 3016 soret:'
356 2949 416 3036 qud
430 2951 610 3034 cogitatione
628 2951 739 3014 bellum
763 2950 905 3015 adrersbs
929 2968 1044 3034 patrem
1070 2953 1136 3036 agi·

125 3039 242 3115 taverit,
259 3060 296 3101 an
311 3059 387 3122 opes
404 3037 542 3122 viresque
558 3036 701 3101 adverstis
722 3037 854 3114 fratrem,
879 3038 909 3100 in
925 3039 1040 3101 incerto
1056 3036 1133 3102 suit:

125 3145 196 3187 uam
212 3125 339 3188 Cerialis
353 3123 462 3186 salubri
478 3139 717 3207 temperamento
729 3123 828 3200 elusit,
840 3138 874 3187 ut
887 3145 964 3186 vana
980 3125 1135 3208 pueriliter

125 3211 309 3294 cupientem.
347 3209 551 3287 Domitianus,
560 3211 659 3295 sperni
672 3231 689 3273 a
701 3210 867 3274 senioribus
877 3209 1035 3296 juventam
1047 3231 1133 3275 suam

125 3317 264 3372 cernens,
290 3296 408 3358 modica
425 3317 545 3380 quoque
569 3311 601 3359 et
623 3311 766 3380 usurpata
781 3311 868 3360 antea
885 3297 986 3360 munia
1009 3295 1135 3380 Imperii

125 3383 301 3446 omittebat:
326 3382 525 3465 simplicitatis
551 3403 587 3446 ac
603 3383 756 3447 modestia
783 3383 925 3466 imagine,
949 3383 978 3446 in
1002 3382 1134 3446 altitudi-

125 3489 197 3531 nem
213 3468 363 3543 eonditus,
386 3469 580 3552 studiumque
600 3470 752 3532 literarum
771 3483 802 3531 et
818 3490 952 3534 amorem
967 3470 1134 3532 carminum

126 3554 282 3631 simulans,
310 3553 370 3640 qud
390 3554 502 3619 velaret
526 3555 659 3618 animum
684 3570 715 3616 et
740 3553 837 3620 fratris
863 3555 1040 3620 emulationi
1063 3555 1135 3621 sub-

126 3639 300 3790 duceretqp,
324 3640 410 3725 cujus
426 3641 576 3727 disparem
592 3641 801 3731 mitioremque
817 3657 953 3708 naturam
968 3641 1073 3708 contra
1087 3641 1133 3706 in·

129 3739 263 3810 terpreta
286 3741 360 3792 atur.
