2514 4318
435 199 480 244 nn
503 176 660 243 Montanus
684 171 885 238 Genusum.
1094 171 1160 234 209

156 343 297 431 Regibus
312 365 351 407 ex
368 343 543 406 auctoritate
556 337 716 404 Romane:
740 336 808 400 rard
823 335 912 399 armis
922 334 1039 412 nostris,
1051 333 1157 420 saepius

158 431 299 519 pecuniis,
312 431 467 516 juvantur.
1011 495 1050 522 ἱ

203 517 325 582 XLlll.
350 515 418 578 Neo
434 514 531 578 mimis
544 513 645 576 valent
665 510 745 574 retrd
761 509 916 591 Marsigni,
938 508 1073 584 Gotluni,
1090 507 1157 584 Osi,

157 603 265 670 Burii:
289 619 373 684 terga
388 601 670 664 Marcomannorum
693 596 935 680 Quadorumque
950 595 1115 658 claudunt:
1140 615 1158 655 e

159 691 269 775 quibus
285 687 440 768 Marsigni,
457 700 487 748 et
510 685 595 747 Buril
620 705 759 746 sermone
782 684 928 766 cultuque
945 681 1063 744 Suevos
1079 679 1157 751 rese·

157 790 236 840 runt.
281 773 431 835 Gothl'nos
447 771 575 848 Gallica,
591 769 672 832 Osos
695 769 870 832 Pannonica
886 769 996 850 lingua,
1011 767 1159 846 coarguit,

157 883 218 925 non
241 881 309 922 esse
333 859 513 934 Germanos,
534 871 565 920 et
588 854 667 940 qudd
692 855 801 918 tributa
828 857 988 938 patiuntur.
1035 853 1159 916 Partem

157 947 335 1010 tributorum
354 945 510 1018 Sarmata,
527 955 643 1024 partem
670 939 784 1016 Quadi,
800 955 833 1002 ut
846 940 1042 1023 alienigenis,
1065 941 1160 1023 impu-

153 1036 253 1096 ·nunt.'
290 1031 425 1107 Gothiui,
452 1029 513 1112 qud
538 1025 631 1108 magis
658 1027 781 1112 pudeat,
812 1042 843 1090 et
865 1026 975 1090 serrum
1001 1025 1158 1088 effodiunt.

158 1118 337 1201 Omnesque
354 1117 383 1178 bi
396 1115 498 1200 populi
516 1135 611 1198 pauca
627 1114 852 1197 campestrium,
868 1113 1004 1179 ceterum
1021 1113 1112 1174 saltus
1128 1125 1173 1174 e„

158 1205 288 1266 vertices
319 1204 463 1284 montium
489 1205 670 1286 jugumque,
701 1200 886 1262 insederunt.
932 1199 1054 1262 Dirimit
1077 1198 1159 1261 enim
1244 1271 1245 1274 Ἴ

157 1290 327 1372 scinditque
345 1289 488 1352 Sueviam
503 1288 678 1350 continuum
692 1288 837 1349 montium
850 1285 969 1371 jugum,
986 1287 1061 1349 ultra
1077 1285 1159 1368 quod

157 1376 291 1460 plurime
308 1389 413 1456 gentes
429 1387 540 1456 agunt:
563 1371 720 1458 exquibus
736 1373 878 1436 latissime
895 1387 977 1455 patet
989 1371 1158 1453 Lygiorum

157 1483 268 1525 nomen
292 1463 320 1523 in
340 1461 441 1543 plures
463 1461 600 1522 civitates
621 1459 775 1520 diffusum.
819 1457 850 1518 V
870 1459 1048 1521 lautissimas
1065 1457 1161 1518 nomi·

156 1547 246 1612 nisse
269 1547 408 1622 sufficiet,
425 1545 525 1620 Arios,
542 1535 746 1619 Helvec'd'nas,
763 1480 925 1618 Manlinos,
945 1543 1078 1624 Elysios,
1096 1540 1160 1604 Na·

156 1621 307 1696 harvislos.
354 1631 447 1712 Apud
464 1613 654 1692 Naharvalos
665 1631 793 1711 antiquae
804 1629 952 1708 religionis
963 1629 1048 1690 lucus
1060 1641 1160 1692 osten·

156 1719 247 1782 ditur.
294 1715 439 1778 Praesidet
470 1714 621 1778 Sacerdos
652 1715 787 1778 muliebri
818 1729 946 1776 ornatu:
978 1715 1031 1776 sed
1063 1713 1160 1792 Deos,

157 1803 403 1886 interpretatione
427 1799 579 1878 Romana,
597 1799 776 1863 ‘Castorem
797 1799 1027 1884 Pollucemque'
1045 1821 1161 1864 memo·

158 1902 235 1951 rant.
282 1887 329 1948 Ea
353 1887 397 1950 vis
426 1887 558 1949 numini:
590 1907 700 1949 nomen
731 1886 827 1950 Alcis.
875 1886 966 1949 Nulla
991 1888 1160 1965 simulacra,
1244 1921 1245 1924 ¹

158 1973 273 2036 nullum
286 1973 448 2056 peregrine
459 1973 675 2057 superstitionis
686 1974 842 2055 vestigium
858 1996 865 2036 z
890 1990 921 2038 ut
934 1973 1037 2036 fratres
1046 1990 1160 2052 tamen,

158 2072 192 2122 ut
202 2059 344 2145 juvenes,
363 2074 552 2122 venerantur.
598 2059 746 2122 Ceterum
760 2057 825 2123 Arii
842 2081 933 2144 super
949 2061 1035 2138 vires,
1053 2063 1160 2146 quibus

158 2161 351 2224 enumeratos
368 2145 457 2230 pauld
473 2145 543 2208 ante
566 2146 694 2230 populos
720 2144 914 2223 antecedunt,
931 2161 1042 2223 truces,
1063 2148 1156 2210 insitae

157 2229 265 2294 feritati
281 2247 344 2293 arte
360 2251 395 2294 ac
412 2244 549 2315 tempore
572 2232 787 2294 lenocinantur.
834 2233 929 2314 Nigra
951 2247 1047 2308 scuta,
1069 2235 1161 2298 tincta

156 2337 304 2401 corpora:
329 2332 406 2380 atras
422 2317 458 2380 ad
476 2318 575 2402 praelia
591 2332 696 2381 noctes
712 2319 838 2400 legunt:
861 2317 986 2402 ipseque
1003 2317 1161 2382 formidine

156 2417 246 2488 atque
262 2403 369 2465 umbria
385 2402 483 2466 feralis
499 2402 650 2468 exercitiis
666 2419 809 2468 terrorem
834 2403 975 2482 inserunt,
993 2407 1075 2468 nullo
1091 2407 1161 2469 hos·

156 2489 231 2553 tium
247 2489 412 2554 sustinente
428 2511 539 2554 novum
563 2511 599 2554 ac
614 2491 697 2554 velut
720 2491 868 2554 inlernum
885 2505 1063 2574 aspectum:
1089 2513 1160 2559 narn

157 2575 242 2659 primi
265 2577 294 2638 in
317 2577 456 2639 omnibus
481 2576 586 2660 preliis
608 2577 688 2640 oculi
704 2579 873 2642 vincuntur.
918 2577 1019 2642 Trans
1042 2577 1159 2662 Lygios

156 2655 294 2724 Goto'nes
325 2676 496 2742 regnantur,
522 2661 612 2744 paulo
633 2661 696 2746 jam
728 2665 896 2739 adductius,
929 2665 1019 2748 quam
1049 2679 1158 2729 cetere

155 2745 378 2810 Germanorum
412 2760 530 2830 gentes,
560 2747 694 2809 nondum
725 2762 826 2810 tamen
857 2771 945 2832 supra
977 2753 1159 2814 libertatem.

155 2829 299 2894 Protinus
313 2832 424 2894 deinde
448 2832 486 2894 ab
501 2831 629 2895 Oceano
648 2831 751 2914 Rugii,
773 2847 804 2895 ct
820 2832 982 2896 Lemovii:
1007 2839 1158 2900 omnium·

85 2917 88 2931 '
155 2937 214 3002 que
230 2917 335 2979 harum
352 2918 636 2999 gentiumsinsigne,
660 2918 788 2981 rotunda
810 2933 907 2996 scuta,
924 2917 1031 2982 breves
1054 2922 1156 3003 gladii,

156 3017 187 3066 et
202 3023 272 3086 erga
289 3003 394 3084 Reges
409 3003 598 3087 obsequium.

201 3087 323 3152 XLIV.
348 3083 495 3151 Suidnum
520 3090 588 3153 hinc
610 3089 758 3166 civitates,
775 3091 839 3175 ipso
855 3092 884 3154 in
901 3087 1038 3168 Oceano,
1055 3105 1162 3177 preter

156 3175 236 3238 viros
259 3195 401 3258 armaque
423 3175 567 3238 classibus
589 3177 712 3240 valent:
738 3176 832 3240 lorma
855 3179 976 3245 narium
997 3201 1035 3242 eo
1051 3181 1161 3260 differt,

157 3260 238 3345 qudd
250 3261 399 3344 utrimque
413 3283 499 3344 prora
510 3278 641 3346 paratam
653 3285 776 3348 semper
788 3266 926 3348 appulsui
941 3264 1065 3330 lrontem
1080 3268 1139 3350 agit
1151 3291 1159 3331 ε

155 3368 214 3410 nec
230 3347 303 3410 velis
320 3347 495 3424 ministrant,
511 3370 569 3412 nec
585 3371 684 3412 renros
699 3351 728 3412 in
745 3353 881 3414 ordinem
898 3353 1039 3415 lateribus
1056 3354 1161 3438 adjun-

156 3446 241 3516 gunt.
287 3432 437 3509 Solutum,
453 3448 487 3497 ut
512 3435 541 3498 io
566 3435 743 3518 quibusdam
761 3437 930 3514 fluminum,
954 3454 985 3501 et
1006 3441 1159 3520 mutabile,

155 3532 189 3582 ut
204 3539 252 3582 res
276 3519 380 3603 poscit,
401 3518 472 3583 hin'c
495 3521 542 3584 vel
559 3521 639 3584 illinc
655 3523 825 3604 remigium.
872 3524 928 3589 Est
952 3526 1030 3610 apud
1048 3526 1114 3589 illos
1130 3544 1160 3593 et

155 3606 263 3690 opibus
280 3607 395 3669 honos:
418 3605 517 3692 edque
533 3629 610 3670 unus
632 3608 794 3692 imperitat,
815 3611 903 3674 nullis
922 3611 986 3698 jam
1003 3615 1161 3698 exceptio·

154 3691 253 3774 nibus,
277 3715 336 3756 non
364 3695 499 3780 precario
518 3693 587 3782 jure
618 3696 754 3848 qasrpudi.
803 3695 870 3762 Neo
894 3719 986 3776 arma,
1012 3713 1046 3763 ut
1076 3699 1156 3786 apud
