2508 4254
143 204 184 270 A.
201 203 242 270 C.
258 207 331 290 69.]
424 204 568 272 Hrssos.
593 205 668 270 Lm.
693 205 887 272 Srcvnous.
1110 207 1154 272 87

194 369 313 435 XCVI.
337 370 441 436 Prima
462 370 586 436 Vitellio
610 373 725 436 ‘tertia
748 371 875 455 legionis
905 369 1045 434 desectio’
1076 393 1154 436 uun-

152 460 253 537 tiatur,
281 461 378 522 missis
400 461 439 522 ab
456 460 575 544 Aponio
591 458 753 522 Saturnino
777 457 923 543 epistolis,
947 473 1109 542 antequam
1129 459 1154 522 is

153 567 274 631 quoque
284 545 462 630 Vespasiani
476 547 609 630 partibus
621 561 843 630 aggregaretur.
882 545 943 608 Sed
957 567 1056 630 neque
1069 546 1155 629 Apo-

152 634 220 696 nius
242 648 364 709 armeta,
380 649 413 696 ut
429 635 580 718 trepidans
596 655 627 696 re
643 632 753 710 subiti,
770 633 996 716 perscripserat,
1012 646 1043 696 et
1066 632 1155 696 amici

151 719 312 784 adulantes
339 720 457 784 mollitis
480 721 772 804 interpretabantur:
795 720 903 782 ‘unius
929 719 1055 801 legionis
1085 739 1154 782 eam

152 808 343 884 seditionem,
358 809 468 870 ceteris
491 808 673 872 exercitibus
695 821 833 870 constare
854 805 968 870 fidem!
1015 804 1049 868 ln
1074 805 1156 870 hunc

153 895 276 958 modurn
293 895 383 958 etiam
400 893 540 958 Vitellius
561 894 640 977 apud
666 894 774 956 milites
790 893 939 969 disseruit,
956 891 1156 956 Pretorianos

151 1001 249 1065 nuper
274 996 486 1044 exauctoratos
512 981 686 1056 insectatus,
713 981 881 1064 ‘aquibus
905 979 993 1042 salsos
1019 999 1155 1042 rumores
1192 1041 1195 1050 ,

151 1067 294 1151 dispergi,
312 1089 368 1130 nec
385 1069 478 1130 ullum
493 1067 590 1132 civilis
613 1067 683 1131 belli
707 1067 843 1144 metum,'
868 1067 1068 1141 asseverabat,
1083 1087 1156 1150 sup·

151 1175 257 1239 presso
279 1153 457 1238 Vespasiani
478 1155 611 1232 nomine,
634 1169 665 1220 et
687 1155 769 1238 vagis
793 1176 847 1238 per
874 1155 978 1218 urbem
1001 1151 1155 1230 militibus,

151 1241 202 1326 qui
218 1263 375 1305 sermones
391 1243 493 1326 populi
509 1255 704 1306 coercerent:
729 1242 759 1304 id
777 1242 959 1327 precipuum
976 1241 1153 1304 alimentum

153 1327 331 1392 bmaeemc

196 1412 331 1478 XCVll.
357 1415 479 1478 Auxilia
509 1428 609 1479 tamen
640 1436 658 1478 e
686 1412 852 1478 Germania
881 1413 1099 1498 Britannibque
1125 1427 1156 1477 et

152 1498 307 1585 Hispaniis
330 1503 454 1579 excivit,
484 1502 627 1584 segniter,
654 1516 686 1564 et
711 1503 924 1566 necessitatem
955 1499 1156 1564 dissimulans.

62 1617 67 1624 ·
151 1586 286 1652 Perinde
312 1587 421 1670 Legati
448 1590 671 1674 provinciaque
700 1589 938 1666 cunctabantur;
963 1585 1156 1650 Hordeonius

151 1672 295 1748 Flaccus,
316 1677 464 1758 suspectis
476 1675 539 1760 jam
556 1675 693 1752 Batavis,
709 1677 817 1738 anxius
835 1673 954 1758 proprio
969 1673 1061 1751 bello,
1073 1670 1157 1736 Vec-

150 1762 209 1826 tius
226 1761 373 1837 Bolanus,
389 1784 543 1847 nunquam
566 1759 637 1825 satis
654 1761 757 1846 quietis
775 1760 951 1826 Britannia:
976 1774 1007 1824 et
1029 1773 1156 1844 uterque

151 1848 295 1932 ambigui.
343 1847 453 1933 Neque
477 1871 517 1912 ex
542 1847 695 1934 Hispaniis
719 1849 947 1933 properabatur,
979 1847 1062 1910 nullo
1092 1861 1156 1909 turn

151 1935 191 1998 ibi
207 1933 391 1998 Consulari:
414 1937 502 1998 trium
519 1936 670 2017 legionum
687 1935 808 2019 Legati,
825 1957 912 2020 pares
930 1935 1010 2020 jure,
1026 1948 1056 1998 et
1073 1952 1158 2016 pros·

150 2022 230 2096 poris
248 2021 363 2077 Vitellii
379 2022 480 2091 rebus,
494 2023 637 2076 certaturi
652 2023 690 2076 ed
706 2023 895 2099 obsequium,
919 2021 1075 2078 adversam
1091 2018 1157 2101 ejus

149 2097 299 2162 fortunam
316 2121 357 2162 ex
373 2122 458 2182 aequo
473 2100 692 2164 detrectabant.
738 2099 773 2162 ln
792 2099 987 2183 Airicblegio
1001 2102 1158 2166 cohortes·

151 2207 223 2270 qua,
235 2186 361 2249 delectae
377 2207 395 2248 a
410 2185 520 2248 Clodio
535 2185 655 2264 Macro,
668 2209 740 2250 mox
756 2209 773 2250 a
789 2186 891 2251 Galbb
906 2187 1044 2265 dimisse,
1057 2211 1158 2254 rursus

144 2271 231 2358 jussu
247 2271 360 2335 Vitellii
383 2271 517 2336 militiam
532 2273 664 2356 cepere:
688 2274 775 2336 simul
792 2289 895 2338 cetera
906 2273 1051 2359 juventus
1067 2275 1158 2340 dabat

149 2359 278 2441 impigre
294 2359 433 2421 nornina:
459 2360 572 2444 quippe
588 2360 737 2442 integrum
754 2361 814 2424 illic
826 2383 861 2424 ac
873 2360 1065 2424 favorabilem
1080 2360 1157 2426 Pro-

149 2446 340 2508 consulatum
365 2443 516 2520 Vitellius,
548 2444 694 2510 famosum
724 2448 924 2533 invisumque,
951 2445 1156 2532 Vespasianus

149 2546 274 2614 egerat:
305 2532 429 2616 perinde
445 2533 517 2596 socii
533 2533 572 2596 de
591 2531 725 2617 Imperio
744 2535 898 2619 utriusque
920 2534 1156 2619 conjectabant:

148 2618 203 2682 sed
219 2621 463 2700 experimentum
479 2620 586 2683 contria
602 2619 665 2684 suit.

195 2703 349 2768 XCVlll.
376 2706 424 2768 Ac
454 2705 552 2790 primd
575 2705 714 2772 Valerius
735 2706 858 2784 Festus,
886 2706 1032 2790 Legatus,
1058 2705 1157 2770 studia

151 2791 379 2877 provincialium
401 2814 471 2856 cum
495 2794 554 2857 fide
573 2793 671 2878 juvit:
694 2816 766 2858 mox
793 2794 925 2870 nutabat,
952 2793 1050 2878 palam
1078 2794 1156 2878 epis·

150 2878 220 2942 tolis
249 2879 415 2964 edictisque
436 2877 604 2957 Vitellium,
631 2881 756 2944 occultis
784 2882 894 2944 nuntiis
923 2879 1156 2965 Vespasianum,

146 2963 263 3041 fovens,
280 2979 311 3029 et
328 2968 390 3028 hac
406 2967 495 3029 illave
511 2966 700 3044 defensurus,
722 2984 809 3048 prout
835 2967 1041 3031 invaluissent.
1088 2965 1156 3030 De·

150 3052 292 3137 prehensi
314 3075 385 3116 cum
409 3053 501 3116 literis
524 3054 690 3138 edictisque
707 3052 899 3138 Vespasiani,
924 3075 978 3136 per
1002 3053 1157 3117 Rhaetiam
1236 3101 1237 3108 κ

150 3153 182 3202 et
198 3137 324 3216 Gallias,
348 3140 475 3203 militurn
492 3154 523 3203 et
539 3139 760 3204 Centurionum
786 3139 919 3225 quidam,
943 3140 980 3202 ad
1000 3138 1156 3204 Vitellium
1217 3175 1222 3182 ·

151 3226 243 3304 missi,
260 3246 426 3290 necantur:
449 3227 551 3312 plures
574 3227 719 3305 selelldre,
736 3227 795 3290 fide
818 3227 994 3304 amicorum,
1015 3242 1065 3291 aut
1086 3247 1157 3289 suo·
1234 3223 1236 3276 Ῑ

152 3327 217 3376 met
232 3329 297 3377 astu
313 3314 466 3377 occultati.
512 3313 559 3378 lta
576 3313 689 3377 Vitellii
710 3331 830 3399 paratus
853 3314 1063 3390 noscebantur,
1079 3311 1158 3377 Ves·
1233 3387 1234 3396 χ

150 3400 265 3547 plesiaci
295 3401 487 3464 consiliorum
518 3401 662 3486 pleraque
697 3402 818 3483 ignota:
856 3400 984 3486 primirm
1019 3397 1158 3464 socordia

182 3486 286 3564 itellii;
302 3487 411 3549 deinde
426 3487 609 3550 Pannonicae
620 3488 724 3571 Alpes,
739 3489 881 3572 presidiis
894 3489 1026 3562 insessae,
1037 3487 1156 3550 nuntios

152 3573 340 3636 retinebant:
366 3595 447 3636 mare
464 3595 584 3659 quoque
622 3573 794 3638 Etesiarum
827 3573 898 3638 flatu
929 3575 958 3638 in
997 3573 1156 3638 Orientem

152 3660 361 3744 navigantibus
376 3662 555 3740 secundum,
571 3661 641 3726 inde
658 3661 819 3726 adversum
836 3675 910 3726 erat.
