2556 4446
139 435 204 498 2⁴12
362 429 363 436 ’
480 429 522 496 C.
545 429 654 496 Gonu.
678 428 803 496 Tacrrr

138 595 321 663 Consulatus
336 592 499 660 ascendere
516 593 629 671 videor,
654 606 724 658 tum
735 593 858 669 babere,
882 590 976 677 quod,
993 591 1018 656 si
1035 613 1094 656 non
1109 590 1141 658 in

139 685 239 748 animo
255 683 357 759 oritur,
384 703 441 744 nec
466 681 610 744 codicillis
635 680 732 756 datur,
756 701 813 744 nec
838 701 909 742 cum
932 679 1026 761 gratiis
1048 681 1146 750 venit,

141 769 221 845 Quae
237 768 316 832 sarna
331 783 362 832 et
377 768 441 830 laus
457 765 587 852 cujusvis
602 767 673 831 artis
685 787 756 830 cum
773 780 924 831 oratorum
937 764 1042 846 ¹,plurib
1056 787 1141 830 com·

137 857 271 943 paranda
292 855 413 938 est,-qui
429 875 488 916 non
505 853 634 916 illustres
649 853 678 915 in
695 853 768 916 urbe
783 851 893 927 solium,
909 853 989 934 apud
1006 852 1143 932 negotio·

140 963 190 1008 sus
204 957 235 1006 et
251 942 340 1004 rebus
363 941 503 1016 intentos,
526 940 579 1002 sed
607 939 697 1002 etiam
720 939 800 1022 apud
818 937 949 1023 juvenes
969 953 999 1001 et
1025 939 1142 1000 adoles-

139 1043 254 1104 centes,
271 1025 484 1112 quibusmodis
500 1039 582 1088 recta
598 1039 629 1088 et
644 1024 760 1088 indoles
783 1040 827 1088 est
851 1038 882 1086 et
898 1024 976 1086 bona
991 1045 1062 1107 spes
1075 1025 1142 1088 sui?

140 1114 282 1192 Quorum
298 1113 418 1178 nornine
443 1111 523 1195 pribs
539 1125 678 1194 parentes
693 1111 792 1176 liberis
807 1110 867 1174 suis
881 1110 1044 1192 ingerunt?
1066 1131 1143 1194 quos

139 1201 248 1285 sepitis
259 1200 366 1282 vulgus
377 1199 549 1282 imperitum
566 1212 596 1260 et
612 1198 760 1260 tunicatus
776 1197 825 1260 bic
842 1197 971 1280 populus
987 1213 1145 1260 transeun-

139 1299 187 1354 tes
198 1287 318 1352 nomine
334 1299 422 1348 vocat
438 1299 469 1347 et
484 1284 577 1366 digito
592 1284 798 1348 demonstrati
832 1283 967 1347 Advenc
979 1304 1099 1367 quoque
1110 1296 1144 1348 et

139 1373 298 1458 peregrini,
314 1369 377 1456 jam
402 1371 431 1434 iu
447 1371 615 1453 municipiis
635 1385 667 1434 et
688 1370 812 1436 coloniis
837 1370 897 1432 suis
917 1371 1044 1446 auditos,
1070 1369 1147 1432 cium

139 1457 268 1544 primbm
292 1458 396 1520 urbem
420 1455 593 1538 attigerunt,
617 1456 771 1541 requirunt
793 1477 829 1520 ac
853 1456 952 1520 vultus
978 1477 1145 1538 agnoscere

140 1544 369 1627 concupiscunt.
1143 1585 1148 1613 2

182 1629 272 1696 Vlll.
296 1630 401 1694 Ausim
417 1629 612 1707 contendere,
636 1628 815 1694 Marcellum
842 1629 922 1702 hunc
939 1628 1079 1716 Eprium,
1102 1628 1144 1694 de

140 1719 201 1804 ¹qam
214 1716 305 1782 modb
320 1718 438 1781 locutus
453 1739 532 1793 sunt,
542 1732 574 1780 et
590 1716 732 1801 Crispum
746 1715 870 1780 Vibium
889 1716 1046 1802 (libertinis
1061 1717 1143 1782 enim

138 1806 225 1870 noris
241 1820 272 1868 et
287 1805 469 1880 recentibus,
493 1803 584 1888 quiam
600 1804 722 1870 remotis
735 1817 775 1866 -et
797 1803 971 1881 obliteratis,
991 1803 1143 1887 exemplis

139 1892 222 1977 utor)
239 1913 299 1956 nou
312 1890 410 1954 minias
425 1891 507 1952 nosci
528 1891 556 1954 in
573 1890 718 1955 extremis
729 1889 862 1972 partibus
878 1905 1034 1965 terrarum,
1050 1891 1143 1974 quam

138 1977 265 2063 Captae,
280 1993 332 2046 aut
348 1973 508 2052 Vercellis,
532 1977 582 2038 ubi
606 1975 668 2039 nati
684 1977 840 2040 dicuntur:
865 1997 923 2040 nec
939 1977 997 2044 boc
1012 1976 1069 2039 illis
1083 1975 1145 2046 sal-

139 2080 201 2130 tem
217 2080 263 2126 ter
283 2064 389 2126 millies
400 2061 575 2126 sestertidm
593 2077 709 2145 prestat
731 2063 971 2148 (quanquamad
995 2063 1048 2126 bas
1063 2063 1144 2146 ipsas

138 2171 214 2233 opes
230 2164 354 2230 possunt
369 2148 460 2210 videri
477 2148 655 2232 eloquentie
672 2149 819 2219 beneficio
835 2149 969 2232 senisse)
993 2149 1057 2233 ipsa
1078 2149 1144 2220 elo-¹

139 2235 281 2320 quentia5
302 2233 389 2319 cujus
411 2255 524 2296 numen
540 2248 570 2296 et
586 2235 718 2299 coelestis
734 2235 777 2298 vis
793 2234 887 2299 multa
903 2234 1024 2319 quidem
1046 2235 1145 2298 omui-

138 2323 195 2386 bus
220 2320 336 2386 seculis
351 2319 493 2403 exempla
521 2319 625 2396 edidit,
649 2321 688 2382 ad,
713 2339 855 2405 quantam
881 2341 976 2405 usque
994 2319 1144 2384 fortunent

139 2409 280 2480 homines
302 2407 547 2490 ingeniiviribus
564 2407 766 2490 pervenerint.
812 2407 876 2470 Sed
893 2408 968 2484 bec,
994 2421 1026 2470 ut
1052 2407 1145 2490 supral

138 2496 213 2573 dixi,
231 2495 348 2579 propria
371 2509 403 2558 at
428 2516 494 2578 que
520 2515 580 2556 non
596 2494 698 2556 auditu
719 2495 941 2577 cognoscenda,
967 2493 1021 2556 sed
1047 2494 1144 2558 oculis

139 2583 306 2666 spectanda
322 2581 479 2644 habemus.
525 2579 617 2653 Nam,
634 2579 696 2664 qud
710 2581 857 2644 sordidinis
876 2597 906 2644 et
921 2579 1067 2664 abjectibs
1081 2581 1144 2644 nati

137 2683 217 2743 sunt,
234 2666 355 2750 qubque
371 2667 530 2731 notabilior
544 2681 706 2750 paupertas
732 2682 764 2728 et
785 2667 923 2749 angustia
948 2688 1048 2728 rerum
1074 2687 1144 2739 nas-

136 2769 241 2816 centes
256 2772 308 2814 eos
323 2751 609 2830 circumsteteruut;
634 2750 672 2814 eb
687 2751 824 2828 clariora,
834 2768 864 2816 et
880 2753 917 2816 ad
934 2752 1145 2818 demonstran·

138 2838 207 2905 dam
223 2836 356 2898 oratorie
365 2836 544 2920 eloquentie
557 2837 715 2902 utilitatem
729 2837 886 2902 illustriora
898 2839 1042 2919 exempla
1053 2852 1145 2920 suut,

138 2922 218 3009 qubd
235 2921 299 2986 sine
310 2923 573 2988 commendatione
589 2925 744 3002 natalium,
759 2926 824 2990 siue
839 2923 1005 2990 substantiis
1020 2925 1145 2990 faculta-

136 3026 212 3085 tum,
228 3024 334 3072 neuter
350 3010 481 3074 moribus
498 3011 646 3094 egregius,
662 3013 738 3076 alter
754 3013 855 3075 habitu
873 3033 993 3096 quoque
1008 3013 1144 3095 corporis

135 3111 317 3170 contemtus,
330 3117 384 3178 per
398 3097 507 3160 multos
518 3095 582 3180 jam
600 3119 693 3160 anuos
709 3099 905 3182 potentissimi
917 3112 986 3162 sunt
1001 3097 1143 3176 civitatis,

136 3204 183 3262 ac,
207 3183 305 3246 donec
320 3183 415 3258 libuit,
433 3183 582 3267 principes
599 3182 664 3260 lori,
690 3205 771 3248 nuno
795 3185 943 3268 principes
959 3185 987 3246 in
1012 3185 1143 3250 Caesaris

135 3267 278 3344 amicitiis,
300 3283 392 3350 agunt
408 3267 566 3350 feruntque
582 3285 701 3346 cuncta,
725 3286 817 3355 atque
843 3271 880 3332 ab
907 3272 973 3354 ipso
997 3269 1143 3354 Principe

134 3377 205 3424 cum
220 3354 352 3441 quedam
365 3353 535 3418 reverentiis
550 3356 731 3436 diliguntur:
757 3357 825 3442 quia
840 3355 1055 3441 Vespasianus,
1066 3379 1145 3422 uen-

134 3444 251 3514 erabilis
266 3463 363 3506 senex
391 3457 420 3506 et
444 3442 677 3525 patientissimus
694 3443 747 3519 vir,
764 3443 842 3506 bene
858 3444 1005 3524 iutelligit,
1021 3458 1143 3508 ceteros

136 3529 257 3610 quidem
273 3530 386 3592 amicos
401 3549 470 3592 suos
487 3528 539 3590 niti
551 3529 596 3604 iis,
610 3551 675 3613 qun
688 3529 801 3613 abipso
817 3531 1000 3614 aecepen'nt,
1013 3552 1142 3616 queque

135 3613 191 3698 ipsi
207 3617 395 3678 accumulare
419 3630 451 3678 et
473 3615 501 3678 in
529 3615 603 3678 alios
617 3637 783 3696 congerere
800 3633 950 3700 promtum
967 3633 1030 3680 est:
1059 3617 1144 3682 Mar·

136 3697 247 3762 cellum
274 3716 375 3764 autem
399 3717 429 3764 et
453 3699 608 3785 Crispum,
632 3703 766 3766 attulisse
793 3703 830 3766 ad
856 3704 1016 3768 amicitiam
1042 3725 1145 3783 auam,

135 3783 214 3870 quod
231 3805 290 3846 non
306 3808 323 3848 a
340 3786 482 3870 Principe
503 3789 687 3870 acceperint,
711 3809 768 3852 nec
784 3790 880 3873 accipi
899 3791 1002 3873 possit.
1048 3789 1144 3856 Mini-

135 3889 216 3932 mum
234 3869 310 3929 inter
325 3885 368 3930 tot
385 3891 420 3932 ac
437 3887 520 3936 tanta
535 3875 638 3938 locum
653 3875 790 3938 obtinent
801 3876 1002 3960 ‚imaginesac
1018 3878 1093 3940 tituli
1109 3893 1143 3944 et

137 3967 251 4032 natue,
267 3973 332 4036 que
348 3975 447 4036 neque
471 3959 535 4040 ipsa
560 3975 662 4026 tamen
678 3961 881 4045 negliguntur,
908 3978 969 4031 tam
995 3963 1144 4043 Hercule,
