2484 4316
115 242 178 306 166
439 237 480 304 C.
504 238 610 302 Gonu.
633 237 758 302 Tucim
905 237 960 320 [A.
977 235 1019 300 U.
1037 231 1135 330 8221st

114 405 205 470 vilem
222 404 313 468 etiem
328 403 465 468 beneficii
481 403 625 466 memoria
641 401 736 479 flexit,
753 401 833 486 qudd
850 401 941 466 filium
958 401 1035 488 ejus,
1057 404 1122 486 pri-

114 513 166 556 mo
181 513 279 555 rerum
296 506 390 566 motu,
403 490 432 554 io
447 489 567 554 colonis
581 490 796 573 Agrippinensi
812 489 1046 573 deprehensum,
1063 492 1120 553 bo-

114 577 219 642 notate
245 577 459 642 custodierant.
505 576 566 639 Sed
589 573 832 640 Transrhenanis
857 576 998 658 gentibus
1022 577 1120 640 invisa

114 665 230 740 civitas,
256 663 411 748 opulentid
432 677 594 748 auctoque.
640 661 751 747 Neque
767 663 858 726 alium
872 663 963 726 finem
986 663 1056 726 belli
1071 685 1122 726 re·
1229 725 1232 740 ,

116 751 234 826 bantur,
251 751 341 835 qutim
364 751 388 814 si
405 751 573 834 promiscua
588 771 625 812 ea
640 749 728 812 sedes
743 750 881 812 omnibus
898 749 1059 813 Germanis
1074 749 1120 814 so-
1227 743 1232 758 ”

115 851 172 913 ret,
188 851 249 911 aut,
261 836 397 922 disjecta,
409 835 506 900 Ubios
518 857 639 921 quoque
654 836 853 920 dispersisset.

159 921 279 986 LXIV.
306 921 397 1006 lgitur
411 921 567 998 Tencteri,
583 921 695 986 Rheno
711 922 840 986 discreta
854 943 940 1004 gens,
963 923 1059 986 ntissis
1075 923 1120 986 le·

115 1010 202 1094 gatis,
219 1009 357 1074 mandata
374 1011 455 1093 apud
471 1011 631 1074 concilium
644 1009 911 1092 Agrippinensium
928 1011 977 1072 edi
988 1009 1130 1094 jubent:'

117 1117 183 1182 quae
199 1095 399 1160 ferocissimus
426 1118 444 1160 e
470 1097 576 1181 legetis
591 1097 619 1160 in
636 1096 715 1159 bunc
732 1097 855 1158 modum
871 1096 1010 1180 protulit:
1033 1097 1119 1160 ‘Re-

116 1183 196 1247 disse
209 1203 262 1246 vos
278 1183 307 1246 io
319 1203 429 1267 corpus
442 1205 613 1268 nomenque
626 1181 807 1259 Germania,
819 1184 1029 1246 communibus
1042 1182 1118 1246 Deis

117 1282 149 1332 et
165 1269 316 1353 precipuo
332 1268 479 1347 Deorum,
503 1269 605 1347 Marti,
621 1271 718 1351 grates
733 1270 871 1352 agimus:
892 1270 1038 1354 vobisque
1053 1290 1120 1352 gra·

117 1356 258 1433 tulamur,
279 1355 360 1442 qudd
375 1357 497 1420 taudem
514 1357 598 1420 liberi
622 1357 699 1420 inter
721 1356 830 1420 liberos
846 1356 938 1419 eritis.
984 1355 1064 1420 Nam
1081 1357 1119 1420 ad
1198 1407 1200 1411 .

116 1441 198 1506 hune
214 1443 293 1506 diem
311 1442 433 1508 flumina
449 1465 484 1508 ec
500 1459 593 1508 terras
609 1459 640 1506 et
654 1443 767 1506 coelum
783 1443 1007 1528 quodammodo
1021 1445 1120 1528 ipsum

117 1530 286 1595 clauserant
298 1529 447 1594 Romani:
472 1545 505 1594 ut
519 1530 669 1615 colloquia
684 1551 922 1614 congressusque
943 1545 1059 1593 nostros
1075 1551 1121 1593 ar·

117 1632 244 1682 cerentt
268 1617 327 1695 vel,
351 1617 430 1702 quod
446 1617 692 1682 contumeliosius
715 1631 761 1680 est
782 1618 851 1682 viris
873 1617 910 1680 ad
935 1638 1017 1679 arma
1032 1617 1120 1696 natis,

118 1703 249 1780 inermes
271 1726 306 1768 ac
334 1703 429 1788 prope
445 1705 529 1783 nudi,
554 1707 610 1768 sub
635 1704 762 1768 custode
785 1719 816 1769 et
839 1705 935 1788 pretio
960 1705 1120 1766 coiremus.

119 1788 194 1868 Sed,
207 1805 239 1854 ut
254 1791 383 1854 amicitia
398 1792 587 1876 societasque
602 1807 702 1856 nostra
713 1791 741 1854 in
759 1805 901 1855 aternum
914 1803 976 1853 rata
992 1792 1039 1867 sit,
1053 1811 1122 1874 pos·

118 1875 247 1940 tulamus
262 1898 280 1940 a
297 1877 391 1954 vobis,
408 1899 509 1942 muros
524 1879 662 1955 colooiae,
678 1878 863 1942 munimenta
878 1877 1000 1953 servitii,
1021 1876 1121 1940 detra·

118 1961 218 2040 batis3
242 1964 346 2043 (etiam
364 1964 426 2028 lere
441 1965 588 2042 animalia,
612 1965 637 2028 si
660 1965 762 2028 clausa
777 1979 893 2040 teneas,
917 1963 1031 2026 virtutis
1047 1963 1122 2027 obli-

119 2048 305 2134 viaeuntur3)
330 2049 487 2116 Romanos
510 2073 617 2117 omnes
642 2051 672 2114 in
695 2051 803 2114 finibus
820 2051 926 2114 vestris
945 2049 1120 2126 trucidetis3

120 2133 215 2220 (baud
233 2134 320 2198 facille
344 2137 465 2200 libertas
481 2152 512 2200 et
527 2138 640 2198 domini
655 2137 854 2221 miscentur3)
878 2137 957 2198 bona
980 2135 1121 2198 interlec-

118 2233 217 2283 torum
233 2221 262 2283 in
279 2221 412 2284 medium
427 2223 548 2300 cedant,
575 2243 613 2284 ne
640 2221 706 2306 quis
721 2222 862 2285 occulere
885 2222 1045 2306 quicquam
1071 2234 1122 2284 aut

118 2325 278 2389 segregare
307 2329 429 2370 causam
459 2329 544 2372 suam
575 2311 678 2392 possit.
729 2307 838 2371 Liceat
864 2309 949 2371 nobis
977 2308 1121 2392 vobisque

120 2406 278 2476 utramque
294 2393 389 2475 ripam
409 2393 521 2471 colere,
546 2409 579 2457 ut
604 2393 676 2456 olim
703 2392 865 2478 majoribus
892 2394 1016 2456 nostris:
1047 2415 1123 2477 quo·

118 2478 210 2541 modo
227 2479 325 2540 lucem
348 2479 491 2563 diemque
506 2479 644 2542 omnibus
660 2479 829 2543 bominibus
840 2501 848 2556 ;
861 2475 864 2482 ’
878 2481 918 2542 ite
934 2501 1040 2542 omnes
1062 2493 1122 2542 ter·

118 2584 165 2627 ras
184 2563 308 2626 sortibus
323 2564 391 2627 viris
413 2578 520 2627 natura
542 2565 671 2648 aperuit.
717 2563 856 2628 Instituta
876 2567 1052 2648 cultumque
1069 2586 1123 2648 pa·

118 2649 206 2714 trium
223 2651 375 2726 resumite,
395 2650 528 2733 abruptis
546 2649 754 2735 voluptatibus,
778 2651 885 2735 quibus
906 2649 1038 2714 Romani
1057 2651 1123 2734 plus

119 2735 264 2802 adversus
279 2735 441 2822 subjectos,
467 2736 557 2822 quiem
578 2737 677 2814 armis,
702 2737 825 2800 valent:
851 2737 983 2800 sincerus
999 2751 1030 2800 et
1045 2737 1123 2800 inte-

119 2844 174 2904 ger
188 2839 219 2886 et
234 2823 385 2888 servitutis
399 2823 510 2890 oblitus
534 2823 675 2909 populus,
702 2838 753 2888 aut
776 2845 817 2887 ex
841 2845 927 2910 aequo
942 2826 1046 2908 agetis,
1071 2837 1124 2888 aut
1231 2905 1232 2912 ἵ

120 2910 184 2974 aliis
200 2909 428 2992 imperitabitis.’

164 2995 272 3062 LXV.
295 2997 546 3081 Agrippinenses,
558 3010 658 3060 sumto
672 2997 859 3062 consultandi
874 2997 980 3082 spatio,
1002 2997 1123 3082 quando

119 3105 219 3170 neque
235 3084 334 3148 subire
350 3085 537 3148 conditiones
553 3097 651 3148 metus
668 3082 767 3161 sutori,
786 3105 885 3168 neque
903 3085 1000 3167 palam
1018 3105 1122 3168 asper·

120 3171 182 3236 nari
193 3171 327 3234 conditio
344 3191 483 3254 presens,
499 3171 626 3246 sinebat,
643 3171 671 3234 in
684 3171 765 3234 bunc
777 3171 901 3234 modum
916 3171 1121 3254 respondente

120 3257 221 3332 ‘Qua
238 3259 331 3341 prima
351 3257 493 3322 libertatis
509 3255 634 3320 facultas
650 3257 720 3320 date
735 3271 791 3335 cst,
807 3256 923 3320 avidilts
945 3277 1035 3342 quam
1050 3278 1123 3320 cau-

120 3344 189 3420 tlits,
201 3344 373 3419 sumsimus,
384 3357 418 3406 ut
430 3343 514 3407 vobis
528 3344 696 3428 ceterisque
709 3342 880 3420 Germanis,
892 3345 1124 3427 consanguineis

120 3429 238 3506 uostris,
257 3429 466 3514 jungeremur.
519 3429 625 3494 Muros
651 3429 789 3506 civitatis,
815 3432 1067 3513 congregantibus
1089 3451 1122 3494 se
1231 3427 1232 3474 t

121 3516 191 3580 etim
208 3515 340 3578 maxime
354 3515 562 3580 Romanorum
579 3517 772 3593 exercitibus,
788 3537 899 3600 augere
914 3517 1011 3594 uobis,
1031 3516 1122 3600 qubn't

121 3603 251 3678 diruere,
267 3603 359 3666 tutius
374 3616 430 3667 est.
476 3601 510 3666 Si
527 3603 633 3687 quiex
650 3600 744 3680 ltalid,
761 3617 811 3666 aut
827 3603 996 3688 provinciis,
1020 3602 1124 3666 alieni·

121 3710 206 3772 gene
222 3689 250 3750 in
266 3688 373 3752 linibus
388 3688 495 3752 nostris
510 3687 638 3766 suerunt,
654 3710 707 3752 eos
722 3689 834 3752 bellum
851 3689 1005 3766 absumsit,
1030 3689 1124 3753 velia

121 3795 191 3840 suas
214 3775 339 3860 quisque
354 3775 443 3842 sedes
458 3773 607 3858 refugere.
652 3773 802 3842 Deductis
817 3775 889 3842 olim
911 3791 942 3843 et
966 3775 1124 3840 nobiscum
