2514 4318
534 198 720 265 Aomoonrr.
1063 203 1127 266 215

123 363 202 428 suit:
227 363 364 429 trucidati
379 363 522 442 veterani,
539 365 666 428 incensa
686 327 821 443 colundo,
840 365 997 448 intercepti
1013 367 1129 430 exerci-

124 467 193 516 tus:
225 465 287 514 tum
316 453 354 513 de
377 451 483 527 salute,
501 473 572 514 mox
599 453 637 513 de
663 451 798 529 victorini,
824 451 991 514 certavere.
1049 452 1128 526 Qua

124 553 249 614 cuncta,
265 539 320 600 etsi
336 539 465 600 consiliis
478 537 630 621 ductuque
643 538 763 600 alterius
778 539 951 620 agebantur,
963 560 998 602 ac
1013 561 1131 602 summa

124 645 228 688 rerum
248 640 277 688 et
293 625 465 708 reciperatae
482 625 638 708 provinc'iae
655 625 791 704 gloriatin
815 625 936 687 Ducem
952 627 1062 704 cessit3
1085 647 1131 688 ar-

126 725 192 780 tem
208 725 239 772 et
255 733 340 774 usum
362 725 392 773 et
414 711 549 773 stimulos
566 709 709 772 addidere
717 709 843 794 juvenis
873 712 1052 795 intravitque
1068 713 1130 774 ani-

125 819 213 862 mum
229 798 361 860 militaris
374 797 472 879 gloriae
484 798 606 880 cupido,
617 799 732 878 ingrata
747 797 942 880 temporibus,
953 801 1059 882 quibus
1071 799 1131 862 sin·

125 887 199 950 istra
214 906 284 968 erga
300 885 467 948 eminentes
482 885 696 968 interpretatiO,
718 905 774 946 nec
795 885 893 949 minus
909 885 1075 969 periculum
1091 907 1132 950 ex

126 970 240 1052 magna
256 969 345 1048 fami,
362 971 453 1055 quim
469 992 508 1032 ex
522 969 611 1032 mali.
790 1015 824 1071 l

154 1137 157 1142 Ι
175 1057 231 1120 Vl.
256 1047 349 1136 Hind
354 1059 390 1119 ad
407 1033 819 1140 capessendos'Magistratus
842 1058 871 1120 in
896 1059 1001 1121 urbem
1017 1059 1131 1142 digres-

128 1167 191 1222 sus,
208 1143 374 1208 Domitiam
390 1144 602 1220 Decidianam,
614 1145 779 1227 splendidis
794 1131 941 1208 natalibds
956 1160 1063 1224 ortam,
1076 1147 1132 1210 sibi

114 1232 249 1318 junxit:
273 1231 363 1315 idque
380 1231 601 1294 matrimonium
617 1231 654 1293 ad
672 1230 784 1317 majora
799 1216 904 1294 nitenti
921 1231 1014 1296 decus
1029 1255 1064 1296 ac
1084 1255 1132 1297 ro·

129 1321 186 1382 bur
201 1317 272 1380 luit:
297 1321 496 1403 vixeruntque
512 1317 589 1381 mirei
603 1317 775 1394 concordii,
797 1341 851 1401 per
876 1333 1010 1381 mutuam
1026 1320 1132 1383 carita·

128 1421 191 1470 tem
207 1419 238 1467 et
253 1405 382 1467 invicem
398 1427 430 1469 se
446 1391 657 1488 anteponmdo
669 1427 677 1466 ε
689 1393 764 1466 suist
780 1404 860 1488 qndd
882 1405 910 1466 in
933 1404 1014 1466 bonit
1036 1425 1132 1468 uxore

129 1506 215 1554 tanto
231 1491 325 1574 major
350 1491 425 1568 laus,
452 1506 563 1574 quanto
588 1491 616 1552 in
641 1488 723 1550 malai
745 1489 812 1573 plus
836 1489 931 1572 culpae
958 1503 1014 1551 est.
1061 1490 1133 1554 Sors

130 1564 298 1654 Quaestdrae
316 1577 498 1660 provinciam
516 1558 633 1651 Asiani,
652 1575 869 1638 Proconsulem
888 1575 1021 1637 Salvium
1038 1563 1143 1640 Titia!
1185 1592 1189 1601 ·
1213 1597 1216 1615 t

129 1687 214 1742 num,
238 1663 338 1725 dedit:
363 1683 489 1746 quorum
506 1677 613 1724 neutro
634 1673 793 1744 corruptus
818 1675 884 1740 est;
907 1681 1078 1745 quanquam
1103 1676 1134 1727 et
1174 1687 1178 1696 ⁴
1205 1683 1217 1692 ·’

129 1749 283 1837 provincia
299 1737 392 1811 dives
400 1769 435 1811 ac
452 1765 553 1831 parata
569 1747 774 1834 peccantibus,
793 1761 823 1810 et
840 1746 1007 1818 Proconsnl
1024 1749 1053 1810 in
1069 1769 1136 1812 om·

131 1859 203 1902 nem
230 1834 403 1897 aviditatem
428 1855 549 1918 pronus,
571 1833 757 1919 quantilibet
779 1832 921 1897 facilitate
946 1810 1149 1898 redemtum(

132 1935 213 1988 esset
230 1935 362 1984 mutuam
378 1921 643 1984 dissimulationem
659 1920 742 1984 mali.
787 1923 905 1984 Auotus
932 1934 977 1984 est
1001 1921 1040 1984 ibi
1064 1921 1134 2001 filiai,

132 2010 162 2072 in
177 2006 341 2070 subsidium
358 2021 389 2070 et
404 2007 542 2070 solatium
559 2007 667 2072 simul:
698 2029 768 2071 nam
784 2007 875 2070 filium
899 2019 968 2070 ante
984 2029 1017 2070 su
1041 2007 1136 2072 latum

24 2131 29 2138 ·
131 2095 216 2160 brevi
232 2094 340 2156 amisit.
386 2093 463 2158 Mox
478 2095 555 2157 inter
566 2094 759 2169 Questuram
774 2115 809 2158 ac
824 2093 993 2157 Tribunatu
1039 2067 1156 2179 plebis!

132 2195 222 2267 atque
238 2181 328 2243 etiam
341 2181 439 2263 ipsum
451 2179 636 2244 Tribunatris
652 2167 763 2244 annur‘n
776 2181 877 2265 quiete
893 2194 924 2244 et
935 2181 996 2244 otio
1011 2181 1136 2258 transiit,

132 2287 241 2352 guarus
256 2267 312 2329 sub
328 2265 451 2339 Nerone
468 2251 649 2352 temporum,
670 2269 776 2352 quibus
792 2267 897 2330 ineitia
921 2288 975 2350 pro
990 2265 1137 2350 sapientiai

133 2355 200 2419 luit.
237 2353 323 2416 Idem
339 2353 480 2418 Praeturae
497 2337 582 2418 tenbr
597 2370 627 2418 et
640 2339 808 2418 silentium:
832 2375 890 2417 nec
906 2353 985 2416 enim
997 2337 1148 2438 jandin-²

132 2444 174 2505 tio
189 2441 364 2504 obvenerat.
409 2429 514 2505 Ludo‘s
527 2456 558 2504 et
570 2442 668 2504 inania
684 2441 804 2506 honoria
820 2440 1031 2504 moderationis
1047 2455 1137 2525 atque

133 2527 319 2592 abundantiae
346 2527 443 2606 duxit,
468 2528 510 2592 uti
535 2527 624 2608 longe
641 2549 657 2590 a
673 2525 801 2603 luxurii,
828 2528 869 2590 ita
892 2525 977 2590 lamae
1002 2529 1136 2610 propior.

62 2641 70 2654 ·
132 2613 215 2679 Tum
231 2615 344 2678 electus
360 2637 378 2678 a
394 2614 494 2678 Galba
509 2617 546 2678 ad
570 2616 649 2676 dona
676 2614 857 2698 templorum
882 2598 1151 2696 recognoscenda(

134 2701 358 2784 diligentissimi
380 2702 596 2786 conquisitione
613 2700 694 2777 lecit,
718 2721 757 2762 ne
773 2699 859 2784 cujus
881 2699 1003 2763 alterius
1018 2700 1137 2764 sacrile-

134 2789 214 2871 gium
228 2786 532 2869 Remmiam-quim
549 2785 680 2848 Neronis
695 2771 855 2848 sensisse(

176 2871 248 2934 Vll.
273 2871 411 2956 Sequens
435 2893 529 2934 annus
544 2871 624 2952 gravi
642 2859 765 2933 vulnede
792 2871 925 2933 animum
951 2841 1136 2956 domumque

130 2945 200 3045 bjns
216 2957 339 3020 afflixit:
371 2979 440 3020 nam
467 2949 572 3020 classii
593 2957 777 3034 Othoniana,
804 2957 929 3020 licenter
950 2977 1036 3040 vaga,
1064 2957 1138 3020 dum

136 3025 310 3110 intemeticss
327 3026 476 3128 (Liguriae
489 3065 556 3127 pars
572 3043 632 3128 est)
659 3043 805 3107 hostiliter
820 3043 990 3126 populatur,
1011 3061 1139 3106 matrem

136 3132 285 3216 Agricola
302 3131 330 3192 in
348 3130 464 3214 praediis
479 3131 538 3194 suis
554 3129 723 3194 interiecit:
747 3117 917 3213 praedoque
933 3129 997 3210 ipsa
1010 3143 1039 3191 et
1056 3150 1139 3214 mag·

136 3239 204 3282 nam
229 3205 394 3301 patrimonii
420 3231 534 3300 partem
554 3198 685 3300 diripur’i,
710 3239 774 3301 quae
800 3236 891 3278 causa
916 3214 1005 3277 caedis
1030 3212 1137 3280 suerat.

19 3298 23 3309 ’
57 3367 61 3376 ,
137 3303 230 3388 lgitur
245 3305 282 3366 ad
300 3291 568 3385 solenniipietatis
585 3289 735 3386 prosectis
753 3302 904 3384 Agricola,
927 3301 1031 3365 nuntio
1047 3287 1147 3366 affec!

137 3393 188 3455 tati
205 3413 221 3452 a
238 3389 425 3472 Vespasiano
441 3388 562 3472 Imperii
580 3381 795 3472 deprehen‘sus,
818 3409 853 3450 ao
877 3389 976 3451 statim
992 3388 1020 3450 in
1040 3405 1139 3472 partes

138 3492 336 3559 transgressus
353 3491 409 3539 est.
455 3459 546 3538 lnit'd
559 3473 750 3559 Principatris
774 3497 810 3538 ae
836 3490 944 3538 statum
967 3476 1046 3538 urbis
1070 3466 1158 3540 utu!

137 3565 239 3630 cianus
256 3564 390 3646 regebat,
407 3563 569 3626 admodum
583 3562 698 3648 juvene
712 3554 897 3639 Domitiam,
913 3577 944 3626 et
959 3583 999 3625 ex
1017 3563 1141 3646 paternit

138 3650 256 3716 fortunia
273 3650 386 3713 tantum
404 3651 553 3714 licentiam
578 3635 749 3734 usurpante.
795 3648 825 3712 Is
842 3650 964 3714 missum
985 3650 1021 3712 ad
1038 3651 1141 3713 delec-

138 3753 184 3802 tus
208 3738 343 3823 agendos
358 3737 544 3824 Agricolam,
571 3737 745 3828 integreque
772 3758 808 3802 ac
834 3736 954 3802 strenue
978 3751 1140 3816 versatum,

1116 339 1144 396 l
1248 423 1249 426 ,
