<?xml version="1.0" encoding="UTF-8"?>
<!DOCTYPE html PUBLIC "-//W3C//DTD XHTML 1.0 Transitional//EN"
    "http://www.w3.org/TR/xhtml1/DTD/xhtml1-transitional.dtd">
<html xmlns="http://www.w3.org/1999/xhtml" xml:lang="en" lang="en">
 <head>
  <title>
</title>
<meta http-equiv="Content-Type" content="text/html;charset=utf-8" />
  <meta name='ocr-system' content='tesseract 3.04.00' />
  <meta name='ocr-capabilities' content='ocr_page ocr_carea ocr_par ocr_line ocrx_word'/>
</head>
<body>
  <div class='ocr_page' id='page_1' title='image "./ccorneliitaciti24tacigoog_0238.png"; bbox 0 0 2508 4254; ppageno 0'>
   <div class='ocr_carea' id='block_1_1' title="bbox 119 220 1119 306">
    <p class='ocr_par' dir='ltr' id='par_1_1' title="bbox 119 220 1119 306">
     <span class='ocr_line' id='line_1_1' title="bbox 119 220 1119 306; baseline -0.002 -20"><span class='ocrx_word' id='word_1_1' title='bbox 119 224 182 286; x_wconf 74' lang='lat'><strong>112</strong></span> <span class='ocrx_word' id='word_1_2' title='bbox 396 240 398 246; x_wconf 73' lang='grc'>’</span> <span class='ocrx_word' id='word_1_3' title='bbox 443 221 485 286; x_wconf 89' lang='lat' dir='ltr'><strong>C.</strong></span> <span class='ocrx_word' id='word_1_4' title='bbox 498 220 619 288; x_wconf 43' lang='lat' dir='ltr'><strong>&#39;Contu</strong></span> <span class='ocrx_word' id='word_1_5' title='bbox 643 221 768 288; x_wconf 78' lang='lat' dir='ltr'><strong>Tacina</strong></span> <span class='ocrx_word' id='word_1_6' title='bbox 917 223 971 306; x_wconf 92' lang='lat' dir='ltr'><strong>[A.</strong></span> <span class='ocrx_word' id='word_1_7' title='bbox 985 220 1027 286; x_wconf 93' lang='lat' dir='ltr'><strong>U.</strong></span> <span class='ocrx_word' id='word_1_8' title='bbox 1040 224 1119 288; x_wconf 72' lang='lat'><strong>822.</strong></span> 
     </span>
    </p>
   </div>
   <div class='ocr_carea' id='block_1_2' title="bbox 114 385 1118 818">
    <p class='ocr_par' dir='ltr' id='par_1_2' title="bbox 114 385 1118 818">
     <span class='ocr_line' id='line_1_2' title="bbox 114 385 1118 470; baseline 0.003 -23"><span class='ocrx_word' id='word_1_9' title='bbox 114 385 157 462; x_wconf 93' lang='lat' dir='ltr'><strong>lit,</strong></span> <span class='ocrx_word' id='word_1_10' title='bbox 182 406 278 450; x_wconf 91' lang='lat' dir='ltr'><strong>vacuo</strong></span> <span class='ocrx_word' id='word_1_11' title='bbox 305 385 389 463; x_wconf 90' lang='lat' dir='ltr'><strong>mari,</strong></span> <span class='ocrx_word' id='word_1_12' title='bbox 416 385 553 463; x_wconf 88' lang='lat' dir='ltr'><strong>eludens,</strong></span> <span class='ocrx_word' id='word_1_13' title='bbox 576 387 645 470; x_wconf 86' lang='lat' dir='ltr'><strong>quia</strong></span> <span class='ocrx_word' id='word_1_14' title='bbox 674 385 850 450; x_wconf 83' lang='lat' dir='ltr'><strong>lectissimas</strong></span> <span class='ocrx_word' id='word_1_15' title='bbox 876 385 1118 465; x_wconf 80' lang='lat' dir='ltr'><strong>Liburnicarum,</strong></span> 
     </span>
     <span class='ocr_line' id='line_1_3' title="bbox 115 471 1118 557; baseline 0.003 -22"><span class='ocrx_word' id='word_1_16' title='bbox 115 493 299 557; x_wconf 91' lang='lat' dir='ltr'><strong>omnemque</strong></span> <span class='ocrx_word' id='word_1_17' title='bbox 316 473 440 536; x_wconf 90' lang='lat' dir='ltr'><strong>militem</strong></span> <span class='ocrx_word' id='word_1_18' title='bbox 457 471 617 538; x_wconf 77' lang='lat' dir='ltr'><strong>Mucianus</strong></span> <span class='ocrx_word' id='word_1_19' title='bbox 630 473 814 556; x_wconf 76' lang='lat' dir='ltr'><strong>Byzantium</strong></span> <span class='ocrx_word' id='word_1_20' title='bbox 831 473 984 555; x_wconf 76' lang='lat' dir='ltr'><strong>adegerat.</strong></span> <span class='ocrx_word' id='word_1_21' title='bbox 1031 472 1118 548; x_wconf 86' lang='lat' dir='ltr'><strong>Quin</strong></span> 
     </span>
     <span class='ocr_line' id='line_1_4' title="bbox 115 559 1118 645; baseline 0 -21"><span class='ocrx_word' id='word_1_22' title='bbox 115 573 146 624; x_wconf 85' lang='lat' dir='ltr'><strong>et</strong></span> <span class='ocrx_word' id='word_1_23' title='bbox 162 559 276 622; x_wconf 88' lang='lat' dir='ltr'><strong>barbari</strong></span> <span class='ocrx_word' id='word_1_24' title='bbox 288 560 465 624; x_wconf 87' lang='lat' dir='ltr'><strong>contemtim</strong></span> <span class='ocrx_word' id='word_1_25' title='bbox 476 559 671 641; x_wconf 84' lang='lat' dir='ltr'><strong>vagabantur,</strong></span> <span class='ocrx_word' id='word_1_26' title='bbox 684 559 832 624; x_wconf 82' lang='lat' dir='ltr'><strong>fabricatis</strong></span> <span class='ocrx_word' id='word_1_27' title='bbox 843 560 968 645; x_wconf 75' lang='lat' dir='ltr'><strong>repente</strong></span> <span class='ocrx_word' id='word_1_28' title='bbox 979 562 1118 638; x_wconf 84' lang='lat' dir='ltr'><strong>naribus,</strong></span> 
     </span>
     <span class='ocr_line' id='line_1_5' title="bbox 117 645 1118 731; baseline 0.004 -23"><span class='ocrx_word' id='word_1_29' title='bbox 117 645 268 730; x_wconf 82' lang='lat' dir='ltr'><strong>(eumerus</strong></span> <span class='ocrx_word' id='word_1_30' title='bbox 286 645 421 731; x_wconf 63' lang='lat' dir='ltr'><strong>venenu)</strong></span> <span class='ocrx_word' id='word_1_31' title='bbox 446 648 535 710; x_wconf 90' lang='lat' dir='ltr'><strong>arctis</strong></span> <span class='ocrx_word' id='word_1_32' title='bbox 557 646 708 724; x_wconf 87' lang='lat' dir='ltr'><strong>lateribus,</strong></span> <span class='ocrx_word' id='word_1_33' title='bbox 732 645 793 710; x_wconf 81' lang='lat' dir='ltr'><strong>latit</strong></span> <span class='ocrx_word' id='word_1_34' title='bbox 814 647 894 724; x_wconf 87' lang='lat' dir='ltr'><strong>alvo,</strong></span> <span class='ocrx_word' id='word_1_35' title='bbox 916 647 980 710; x_wconf 88' lang='lat' dir='ltr'><strong>sine</strong></span> <span class='ocrx_word' id='word_1_36' title='bbox 998 647 1118 712; x_wconf 82' lang='lat' dir='ltr'><strong>vinculo</strong></span> 
     </span>
     <span class='ocr_line' id='line_1_6' title="bbox 114 730 1116 818; baseline 0.002 -22"><span class='ocrx_word' id='word_1_37' title='bbox 114 732 178 796; x_wconf 79' lang='lat' dir='ltr'><strong>aeris</strong></span> <span class='ocrx_word' id='word_1_38' title='bbox 194 745 245 796; x_wconf 88' lang='lat' dir='ltr'><strong>aut</strong></span> <span class='ocrx_word' id='word_1_39' title='bbox 261 730 328 796; x_wconf 87' lang='lat' dir='ltr'><strong>lerri</strong></span> <span class='ocrx_word' id='word_1_40' title='bbox 343 731 501 796; x_wconf 68' lang='lat' dir='ltr'><strong>connexi:</strong></span> <span class='ocrx_word' id='word_1_41' title='bbox 526 746 557 796; x_wconf 91' lang='lat' dir='ltr'><strong>et</strong></span> <span class='ocrx_word' id='word_1_42' title='bbox 573 733 688 796; x_wconf 92' lang='lat' dir='ltr'><strong>tumido</strong></span> <span class='ocrx_word' id='word_1_43' title='bbox 699 734 784 810; x_wconf 88' lang='lat' dir='ltr'><strong>mari,</strong></span> <span class='ocrx_word' id='word_1_44' title='bbox 800 747 887 818; x_wconf 90' lang='lat' dir='ltr'><strong>prout</strong></span> <span class='ocrx_word' id='word_1_45' title='bbox 904 732 1012 798; x_wconf 86' lang='lat' dir='ltr'><strong>fluctus</strong></span> <span class='ocrx_word' id='word_1_46' title='bbox 1027 733 1116 798; x_wconf 91' lang='lat' dir='ltr'><strong>attol-</strong></span> 
     </span>
    </p>
   </div>
   <div class='ocr_carea' id='block_1_3' title="bbox 115 817 1229 902">
    <p class='ocr_par' dir='ltr' id='par_1_3' title="bbox 115 817 1229 902">
     <span class='ocr_line' id='line_1_7' title="bbox 115 817 1229 902; baseline 0.004 -22"><span class='ocrx_word' id='word_1_47' title='bbox 115 817 194 895; x_wconf 91' lang='lat' dir='ltr'><strong>litur,</strong></span> <span class='ocrx_word' id='word_1_48' title='bbox 211 840 329 886; x_wconf 88' lang='lat' dir='ltr'><strong>summa</strong></span> <span class='ocrx_word' id='word_1_49' title='bbox 344 821 465 884; x_wconf 87' lang='lat' dir='ltr'><strong>navium</strong></span> <span class='ocrx_word' id='word_1_50' title='bbox 482 819 590 882; x_wconf 85' lang='lat' dir='ltr'><strong>tabulis</strong></span> <span class='ocrx_word' id='word_1_51' title='bbox 605 835 728 902; x_wconf 84' lang='lat' dir='ltr'><strong>augent,</strong></span> <span class='ocrx_word' id='word_1_52' title='bbox 744 820 842 886; x_wconf 87' lang='lat' dir='ltr'><strong>donec</strong></span> <span class='ocrx_word' id='word_1_53' title='bbox 857 821 886 884; x_wconf 90' lang='lat' dir='ltr'><strong>in</strong></span> <span class='ocrx_word' id='word_1_54' title='bbox 904 821 1027 884; x_wconf 90' lang='lat' dir='ltr'><strong>modum</strong></span> <span class='ocrx_word' id='word_1_55' title='bbox 1044 820 1117 885; x_wconf 90' lang='lat' dir='ltr'><strong>tecti</strong></span> <span class='ocrx_word' id='word_1_56' title='bbox 1221 843 1229 858; x_wconf 92' lang='lat'><strong>·</strong></span> 
     </span>
    </p>
   </div>
   <div class='ocr_carea' id='block_1_4' title="bbox 111 905 1118 2116">
    <p class='ocr_par' dir='ltr' id='par_1_4' title="bbox 115 905 1117 1140">
     <span class='ocr_line' id='line_1_8' title="bbox 115 905 1117 990; baseline 0.001 -20"><span class='ocrx_word' id='word_1_57' title='bbox 115 905 302 970; x_wconf 81' lang='lat' dir='ltr'><strong>claudantur.</strong></span> <span class='ocrx_word' id='word_1_58' title='bbox 349 905 400 968; x_wconf 89' lang='lat' dir='ltr'><strong>Sic</strong></span> <span class='ocrx_word' id='word_1_59' title='bbox 430 906 507 970; x_wconf 88' lang='lat' dir='ltr'><strong>inter</strong></span> <span class='ocrx_word' id='word_1_60' title='bbox 537 905 632 970; x_wconf 87' lang='lat' dir='ltr'><strong>undas</strong></span> <span class='ocrx_word' id='word_1_61' title='bbox 662 907 834 984; x_wconf 76' lang='lat' dir='ltr'><strong>volvuntur,</strong></span> <span class='ocrx_word' id='word_1_62' title='bbox 871 907 934 990; x_wconf 90' lang='lat' dir='ltr'><strong>pari</strong></span> <span class='ocrx_word' id='word_1_63' title='bbox 965 907 1117 990; x_wconf 80' lang='lat' dir='ltr'><strong>utrimque</strong></span> 
     </span>
     <span class='ocr_line' id='line_1_9' title="bbox 116 990 1116 1078; baseline 0.004 -24"><span class='ocrx_word' id='word_1_64' title='bbox 116 990 218 1074; x_wconf 68' lang='lat' dir='ltr'><strong>prora,</strong></span> <span class='ocrx_word' id='word_1_65' title='bbox 229 1007 261 1058; x_wconf 90' lang='lat' dir='ltr'><strong>et</strong></span> <span class='ocrx_word' id='word_1_66' title='bbox 277 992 411 1056; x_wconf 87' lang='lat' dir='ltr'><strong>mutabili</strong></span> <span class='ocrx_word' id='word_1_67' title='bbox 428 991 564 1078; x_wconf 86' lang='lat' dir='ltr'><strong>remigio,</strong></span> <span class='ocrx_word' id='word_1_68' title='bbox 580 993 701 1076; x_wconf 88' lang='lat' dir='ltr'><strong>quando</strong></span> <span class='ocrx_word' id='word_1_69' title='bbox 716 993 785 1056; x_wconf 88' lang='lat' dir='ltr'><strong>binc</strong></span> <span class='ocrx_word' id='word_1_70' title='bbox 800 993 848 1056; x_wconf 84' lang='lat' dir='ltr'><strong>vel</strong></span> <span class='ocrx_word' id='word_1_71' title='bbox 863 993 945 1059; x_wconf 88' lang='lat' dir='ltr'><strong>illinc</strong></span> <span class='ocrx_word' id='word_1_72' title='bbox 960 993 1116 1078; x_wconf 88' lang='lat' dir='ltr'><strong>appellere</strong></span> 
     </span>
     <span class='ocr_line' id='line_1_10' title="bbox 116 1077 601 1140; baseline 0 0"><span class='ocrx_word' id='word_1_73' title='bbox 116 1077 308 1140; x_wconf 86' lang='lat' dir='ltr'><strong>indiscretum</strong></span> <span class='ocrx_word' id='word_1_74' title='bbox 325 1093 356 1140; x_wconf 91' lang='lat' dir='ltr'><strong>et</strong></span> <span class='ocrx_word' id='word_1_75' title='bbox 372 1079 528 1140; x_wconf 89' lang='lat' dir='ltr'><strong>innoxium</strong></span> <span class='ocrx_word' id='word_1_76' title='bbox 544 1093 601 1140; x_wconf 91' lang='lat' dir='ltr'><strong>est.</strong></span> 
     </span>
    </p>

    <p class='ocr_par' dir='ltr' id='par_1_5' title="bbox 111 1161 1118 2116">
     <span class='ocr_line' id='line_1_11' title="bbox 159 1161 1117 1246; baseline 0.004 -20"><span class='ocrx_word' id='word_1_77' title='bbox 159 1161 315 1228; x_wconf 88' lang='lat' dir='ltr'><strong>XLVlll.</strong></span> <span class='ocrx_word' id='word_1_78' title='bbox 341 1164 481 1228; x_wconf 82' lang='lat' dir='ltr'><strong>Advertit</strong></span> <span class='ocrx_word' id='word_1_79' title='bbox 503 1185 540 1229; x_wconf 89' lang='lat' dir='ltr'><strong>ea</strong></span> <span class='ocrx_word' id='word_1_80' title='bbox 555 1185 603 1228; x_wconf 86' lang='lat' dir='ltr'><strong>res</strong></span> <span class='ocrx_word' id='word_1_81' title='bbox 620 1162 799 1246; x_wconf 79' lang='lat' dir='ltr'><strong>Vespasiani</strong></span> <span class='ocrx_word' id='word_1_82' title='bbox 823 1165 968 1242; x_wconf 90' lang='lat' dir='ltr'><strong>animum,</strong></span> <span class='ocrx_word' id='word_1_83' title='bbox 991 1178 1023 1230; x_wconf 93' lang='lat' dir='ltr'><strong>ut</strong></span> <span class='ocrx_word' id='word_1_84' title='bbox 1039 1185 1117 1230; x_wconf 83' lang='lat' dir='ltr'><strong>vex-</strong></span> 
     </span>
     <span class='ocr_line' id='line_1_12' title="bbox 115 1248 1117 1336; baseline 0.002 -24"><span class='ocrx_word' id='word_1_85' title='bbox 115 1249 257 1314; x_wconf 88' lang='lat' dir='ltr'><strong>illariose</strong></span> <span class='ocrx_word' id='word_1_86' title='bbox 276 1250 454 1333; x_wconf 87' lang='lat' dir='ltr'><strong>legionibus,</strong></span> <span class='ocrx_word' id='word_1_87' title='bbox 476 1248 659 1336; x_wconf 88' lang='lat' dir='ltr'><strong>Ducemque</strong></span> <span class='ocrx_word' id='word_1_88' title='bbox 673 1249 812 1316; x_wconf 86' lang='lat' dir='ltr'><strong>Virdium</strong></span> <span class='ocrx_word' id='word_1_89' title='bbox 835 1250 1011 1328; x_wconf 89' lang='lat' dir='ltr'><strong>Geminum,</strong></span> <span class='ocrx_word' id='word_1_90' title='bbox 1027 1271 1117 1336; x_wconf 85' lang='lat' dir='ltr'><strong>spee-</strong></span> 
     </span>
     <span class='ocr_line' id='line_1_13' title="bbox 114 1336 1118 1423; baseline 0.002 -23"><span class='ocrx_word' id='word_1_91' title='bbox 114 1349 183 1400; x_wconf 80' lang='lat' dir='ltr'><strong>tate</strong></span> <span class='ocrx_word' id='word_1_92' title='bbox 199 1336 319 1414; x_wconf 79' lang='lat' dir='ltr'><strong>militie,</strong></span> <span class='ocrx_word' id='word_1_93' title='bbox 336 1336 495 1418; x_wconf 81' lang='lat' dir='ltr'><strong>deligeret.</strong></span> <span class='ocrx_word' id='word_1_94' title='bbox 540 1336 595 1402; x_wconf 91' lang='lat' dir='ltr'><strong>Ille</strong></span> <span class='ocrx_word' id='word_1_95' title='bbox 612 1339 845 1422; x_wconf 87' lang='lat' dir='ltr'><strong>incompositum</strong></span> <span class='ocrx_word' id='word_1_96' title='bbox 865 1351 896 1402; x_wconf 90' lang='lat' dir='ltr'><strong>et</strong></span> <span class='ocrx_word' id='word_1_97' title='bbox 911 1338 1016 1423; x_wconf 80' lang='lat' dir='ltr'><strong>praede</strong></span> <span class='ocrx_word' id='word_1_98' title='bbox 1030 1339 1118 1423; x_wconf 82' lang='lat' dir='ltr'><strong>cupi·</strong></span> 
     </span>
     <span class='ocr_line' id='line_1_14' title="bbox 114 1422 1116 1510; baseline 0.006 -26"><span class='ocrx_word' id='word_1_99' title='bbox 114 1422 184 1486; x_wconf 87' lang='lat' dir='ltr'><strong>dine</strong></span> <span class='ocrx_word' id='word_1_100' title='bbox 201 1443 310 1504; x_wconf 85' lang='lat' dir='ltr'><strong>vagum</strong></span> <span class='ocrx_word' id='word_1_101' title='bbox 335 1424 451 1488; x_wconf 87' lang='lat' dir='ltr'><strong>bostem</strong></span> <span class='ocrx_word' id='word_1_102' title='bbox 475 1422 607 1500; x_wconf 81' lang='lat' dir='ltr'><strong>adortus,</strong></span> <span class='ocrx_word' id='word_1_103' title='bbox 621 1424 723 1508; x_wconf 85' lang='lat' dir='ltr'><strong>coegit</strong></span> <span class='ocrx_word' id='word_1_104' title='bbox 745 1424 774 1486; x_wconf 90' lang='lat' dir='ltr'><strong>in</strong></span> <span class='ocrx_word' id='word_1_105' title='bbox 801 1445 914 1490; x_wconf 70' lang='lat' dir='ltr'><strong>natm:</strong></span> <span class='ocrx_word' id='word_1_106' title='bbox 938 1423 1116 1510; x_wconf 84' lang='lat' dir='ltr'><strong>effectisque</strong></span> 
     </span>
     <span class='ocr_line' id='line_1_15' title="bbox 111 1509 1114 1594; baseline 0.005 -23"><span class='ocrx_word' id='word_1_107' title='bbox 111 1509 220 1593; x_wconf 89' lang='lat' dir='ltr'><strong>raptim</strong></span> <span class='ocrx_word' id='word_1_108' title='bbox 244 1509 424 1586; x_wconf 82' lang='lat' dir='ltr'><strong>Liburnicis,</strong></span> <span class='ocrx_word' id='word_1_109' title='bbox 448 1510 616 1594; x_wconf 80' lang='lat' dir='ltr'><strong>assequitur</strong></span> <span class='ocrx_word' id='word_1_110' title='bbox 634 1511 796 1576; x_wconf 86' lang='lat' dir='ltr'><strong>Anicetum</strong></span> <span class='ocrx_word' id='word_1_111' title='bbox 819 1511 849 1576; x_wconf 87' lang='lat' dir='ltr'><strong>in</strong></span> <span class='ocrx_word' id='word_1_112' title='bbox 875 1510 953 1576; x_wconf 88' lang='lat' dir='ltr'><strong>ostio</strong></span> <span class='ocrx_word' id='word_1_113' title='bbox 979 1511 1114 1576; x_wconf 86' lang='lat' dir='ltr'><strong>fluminis</strong></span> 
     </span>
     <span class='ocr_line' id='line_1_16' title="bbox 114 1594 1116 1682; baseline 0.004 -22"><span class='ocrx_word' id='word_1_114' title='bbox 114 1594 238 1672; x_wconf 88' lang='lat' dir='ltr'><strong>Cobibi,</strong></span> <span class='ocrx_word' id='word_1_115' title='bbox 262 1610 360 1664; x_wconf 89' lang='lat' dir='ltr'><strong>tutum</strong></span> <span class='ocrx_word' id='word_1_116' title='bbox 383 1597 439 1661; x_wconf 85' lang='lat' dir='ltr'><strong>sub</strong></span> <span class='ocrx_word' id='word_1_117' title='bbox 469 1595 717 1662; x_wconf 75' lang='lat' dir='ltr'><strong>Sedochezorum</strong></span> <span class='ocrx_word' id='word_1_118' title='bbox 744 1595 840 1679; x_wconf 88' lang='lat' dir='ltr'><strong>Regis</strong></span> <span class='ocrx_word' id='word_1_119' title='bbox 870 1597 993 1675; x_wconf 81' lang='lat' dir='ltr'><strong>auxilio,</strong></span> <span class='ocrx_word' id='word_1_120' title='bbox 1023 1619 1116 1682; x_wconf 87' lang='lat' dir='ltr'><strong>quem</strong></span> 
     </span>
     <span class='ocr_line' id='line_1_17' title="bbox 114 1681 1116 1770; baseline -0.001 -21"><span class='ocrx_word' id='word_1_121' title='bbox 114 1681 245 1768; x_wconf 67' lang='lat' dir='ltr'><strong>pecuniis</strong></span> <span class='ocrx_word' id='word_1_122' title='bbox 269 1684 415 1770; x_wconf 89' lang='lat' dir='ltr'><strong>donisque</strong></span> <span class='ocrx_word' id='word_1_123' title='bbox 442 1683 479 1746; x_wconf 92' lang='lat' dir='ltr'><strong>ad</strong></span> <span class='ocrx_word' id='word_1_124' title='bbox 506 1683 683 1748; x_wconf 84' lang='lat' dir='ltr'><strong>societatem</strong></span> <span class='ocrx_word' id='word_1_125' title='bbox 715 1683 898 1767; x_wconf 83' lang='lat' dir='ltr'><strong>perpulerat.</strong></span> <span class='ocrx_word' id='word_1_126' title='bbox 943 1684 991 1748; x_wconf 90' lang='lat' dir='ltr'><strong>Ac</strong></span> <span class='ocrx_word' id='word_1_127' title='bbox 1018 1683 1116 1769; x_wconf 82' lang='lat' dir='ltr'><strong>primb</strong></span> 
     </span>
     <span class='ocr_line' id='line_1_18' title="bbox 113 1769 1117 1858; baseline 0.004 -26"><span class='ocrx_word' id='word_1_128' title='bbox 113 1789 169 1834; x_wconf 79' lang='lat' dir='ltr'><strong>rea</strong></span> <span class='ocrx_word' id='word_1_129' title='bbox 199 1769 287 1834; x_wconf 88' lang='lat' dir='ltr'><strong>minis</strong></span> <span class='ocrx_word' id='word_1_130' title='bbox 317 1771 466 1855; x_wconf 84' lang='lat' dir='ltr'><strong>armisque</strong></span> <span class='ocrx_word' id='word_1_131' title='bbox 496 1771 665 1854; x_wconf 87' lang='lat' dir='ltr'><strong>supplicem</strong></span> <span class='ocrx_word' id='word_1_132' title='bbox 689 1771 787 1836; x_wconf 74' lang='lat' dir='ltr'><strong>tueris</strong></span> <span class='ocrx_word' id='word_1_133' title='bbox 810 1785 968 1858; x_wconf 87' lang='lat' dir='ltr'><strong>postquam</strong></span> <span class='ocrx_word' id='word_1_134' title='bbox 998 1791 1117 1836; x_wconf 83' lang='lat' dir='ltr'><strong>merces</strong></span> 
     </span>
     <span class='ocr_line' id='line_1_19' title="bbox 114 1856 1117 1938; baseline 0.002 -20"><span class='ocrx_word' id='word_1_135' title='bbox 114 1856 290 1938; x_wconf 86' lang='lat' dir='ltr'><strong>proditionis</strong></span> <span class='ocrx_word' id='word_1_136' title='bbox 305 1873 356 1922; x_wconf 87' lang='lat' dir='ltr'><strong>aut</strong></span> <span class='ocrx_word' id='word_1_137' title='bbox 371 1857 484 1922; x_wconf 90' lang='lat' dir='ltr'><strong>bellum</strong></span> <span class='ocrx_word' id='word_1_138' title='bbox 499 1857 732 1934; x_wconf 80' lang='lat' dir='ltr'><strong>ostendebatur3</strong></span> <span class='ocrx_word' id='word_1_139' title='bbox 756 1856 851 1934; x_wconf 69' lang='lat' dir='ltr'><strong>fluxi,</strong></span> <span class='ocrx_word' id='word_1_140' title='bbox 862 1871 896 1920; x_wconf 92' lang='lat' dir='ltr'><strong>ut</strong></span> <span class='ocrx_word' id='word_1_141' title='bbox 911 1871 957 1922; x_wconf 88' lang='lat' dir='ltr'><strong>est</strong></span> <span class='ocrx_word' id='word_1_142' title='bbox 972 1857 1117 1936; x_wconf 87' lang='lat' dir='ltr'><strong>barbaris,</strong></span> 
     </span>
     <span class='ocr_line' id='line_1_20' title="bbox 113 1942 1117 2028; baseline 0.002 -24"><span class='ocrx_word' id='word_1_143' title='bbox 113 1942 184 2018; x_wconf 87' lang='lat' dir='ltr'><strong>fide,</strong></span> <span class='ocrx_word' id='word_1_144' title='bbox 207 1957 311 2026; x_wconf 90' lang='lat' dir='ltr'><strong>paetus</strong></span> <span class='ocrx_word' id='word_1_145' title='bbox 336 1943 455 2008; x_wconf 84' lang='lat' dir='ltr'><strong>Aniceti</strong></span> <span class='ocrx_word' id='word_1_146' title='bbox 485 1945 623 2021; x_wconf 78' lang='lat' dir='ltr'><strong>exitium,</strong></span> <span class='ocrx_word' id='word_1_147' title='bbox 653 1943 794 2028; x_wconf 82' lang='lat' dir='ltr'><strong>perfugas</strong></span> <span class='ocrx_word' id='word_1_148' title='bbox 817 1943 947 2021; x_wconf 89' lang='lat' dir='ltr'><strong>tradidit,</strong></span> <span class='ocrx_word' id='word_1_149' title='bbox 973 1943 1117 2028; x_wconf 80' lang='lat' dir='ltr'><strong>belloque</strong></span> 
     </span>
     <span class='ocr_line' id='line_1_21' title="bbox 113 2028 1117 2116; baseline 0.002 -24"><span class='ocrx_word' id='word_1_150' title='bbox 113 2028 213 2092; x_wconf 89' lang='lat' dir='ltr'><strong>servili</strong></span> <span class='ocrx_word' id='word_1_151' title='bbox 236 2029 302 2092; x_wconf 86' lang='lat' dir='ltr'><strong>finis</strong></span> <span class='ocrx_word' id='word_1_152' title='bbox 325 2029 492 2114; x_wconf 89' lang='lat' dir='ltr'><strong>impositus.</strong></span> <span class='ocrx_word' id='word_1_153' title='bbox 539 2029 658 2094; x_wconf 71' lang='lat' dir='ltr'><strong>Laetum</strong></span> <span class='ocrx_word' id='word_1_154' title='bbox 678 2029 716 2094; x_wconf 74' lang='lat' dir='ltr'><strong>ei</strong></span> <span class='ocrx_word' id='word_1_155' title='bbox 737 2029 863 2094; x_wconf 67' lang='lat' dir='ltr'><strong>victorii</strong></span> <span class='ocrx_word' id='word_1_156' title='bbox 883 2028 1117 2116; x_wconf 85' lang='lat' dir='ltr'><strong>Vespasianum,</strong></span> 
     </span>
    </p>
   </div>
   <div class='ocr_carea' id='block_1_5' title="bbox 7 2115 1116 2200">
    <p class='ocr_par' dir='ltr' id='par_1_6' title="bbox 7 2115 1116 2200">
     <span class='ocr_line' id='line_1_22' title="bbox 7 2115 1116 2200; baseline 0.002 -22"><span class='ocrx_word' id='word_1_157' title='bbox 7 2191 9 2196; x_wconf 23' lang='grc' dir='ltr'>Ι</span> <span class='ocrx_word' id='word_1_158' title='bbox 112 2115 229 2178; x_wconf 88' lang='lat' dir='ltr'><strong>cunctis</strong></span> <span class='ocrx_word' id='word_1_159' title='bbox 244 2136 335 2199; x_wconf 90' lang='lat' dir='ltr'><strong>super</strong></span> <span class='ocrx_word' id='word_1_160' title='bbox 347 2131 417 2180; x_wconf 90' lang='lat' dir='ltr'><strong>vote</strong></span> <span class='ocrx_word' id='word_1_161' title='bbox 433 2115 605 2194; x_wconf 88' lang='lat' dir='ltr'><strong>fluentibus,</strong></span> <span class='ocrx_word' id='word_1_162' title='bbox 617 2117 833 2182; x_wconf 81' lang='lat' dir='ltr'><strong>Cremonensis</strong></span> <span class='ocrx_word' id='word_1_163' title='bbox 846 2115 936 2200; x_wconf 80' lang='lat' dir='ltr'><strong>prelii</strong></span> <span class='ocrx_word' id='word_1_164' title='bbox 952 2116 1073 2180; x_wconf 89' lang='lat' dir='ltr'><strong>nuntius</strong></span> <span class='ocrx_word' id='word_1_165' title='bbox 1084 2117 1116 2180; x_wconf 89' lang='lat' dir='ltr'><strong>iu</strong></span> 
     </span>
    </p>
   </div>
   <div class='ocr_carea' id='block_1_6' title="bbox 112 2199 1117 2629">
    <p class='ocr_par' dir='ltr' id='par_1_7' title="bbox 112 2199 1117 2629">
     <span class='ocr_line' id='line_1_23' title="bbox 113 2199 1115 2287; baseline 0 -23"><span class='ocrx_word' id='word_1_166' title='bbox 113 2199 250 2284; x_wconf 81' lang='lat' dir='ltr'><strong>AEgypto</strong></span> <span class='ocrx_word' id='word_1_167' title='bbox 266 2203 443 2286; x_wconf 85' lang='lat' dir='ltr'><strong>assequitur.</strong></span> <span class='ocrx_word' id='word_1_168' title='bbox 490 2201 540 2266; x_wconf 87' lang='grc' dir='ltr'><strong>Εὸ</strong></span> <span class='ocrx_word' id='word_1_169' title='bbox 556 2203 764 2287; x_wconf 76' lang='lat' dir='ltr'><strong>properantius</strong></span> <span class='ocrx_word' id='word_1_170' title='bbox 776 2201 991 2266; x_wconf 80' lang='lat' dir='ltr'><strong>Alexandriam</strong></span> <span class='ocrx_word' id='word_1_171' title='bbox 1007 2202 1115 2284; x_wconf 88' lang='lat' dir='ltr'><strong>pergit,</strong></span> 
     </span>
     <span class='ocr_line' id='line_1_24' title="bbox 115 2284 1117 2373; baseline 0.001 -22"><span class='ocrx_word' id='word_1_172' title='bbox 115 2301 157 2363; x_wconf 94' lang='lat' dir='ltr'><strong>ut,</strong></span> <span class='ocrx_word' id='word_1_173' title='bbox 174 2284 268 2350; x_wconf 87' lang='lat' dir='ltr'><strong>fracto</strong></span> <span class='ocrx_word' id='word_1_174' title='bbox 282 2285 397 2350; x_wconf 91' lang='lat' dir='ltr'><strong>Vitellii</strong></span> <span class='ocrx_word' id='word_1_175' title='bbox 412 2290 560 2364; x_wconf 79' lang='lat' dir='ltr'><strong>exercitu,</strong></span> <span class='ocrx_word' id='word_1_176' title='bbox 576 2290 681 2354; x_wconf 89' lang='lat' dir='ltr'><strong>urbem</strong></span> <span class='ocrx_word' id='word_1_177' title='bbox 697 2310 818 2373; x_wconf 91' lang='lat' dir='ltr'><strong>quoque</strong></span> <span class='ocrx_word' id='word_1_178' title='bbox 832 2301 966 2352; x_wconf 79' lang='lat' dir='ltr'><strong>externe</strong></span> <span class='ocrx_word' id='word_1_179' title='bbox 981 2287 1047 2370; x_wconf 88' lang='lat' dir='ltr'><strong>opis</strong></span> <span class='ocrx_word' id='word_1_180' title='bbox 1068 2287 1117 2352; x_wconf 87' lang='lat' dir='ltr'><strong>ia·</strong></span> 
     </span>
     <span class='ocr_line' id='line_1_25' title="bbox 114 2371 1116 2456; baseline 0.002 -20"><span class='ocrx_word' id='word_1_181' title='bbox 114 2371 214 2454; x_wconf 90' lang='lat' dir='ltr'><strong>digam</strong></span> <span class='ocrx_word' id='word_1_182' title='bbox 231 2371 309 2436; x_wconf 88' lang='lat' dir='ltr'><strong>same</strong></span> <span class='ocrx_word' id='word_1_183' title='bbox 333 2387 464 2454; x_wconf 86' lang='lat' dir='ltr'><strong>urgeret.</strong></span> <span class='ocrx_word' id='word_1_184' title='bbox 510 2373 653 2456; x_wconf 87' lang='lat' dir='ltr'><strong>Namque</strong></span> <span class='ocrx_word' id='word_1_185' title='bbox 674 2389 705 2438; x_wconf 87' lang='lat' dir='ltr'><strong>et</strong></span> <span class='ocrx_word' id='word_1_186' title='bbox 720 2373 865 2450; x_wconf 79' lang='lat' dir='ltr'><strong>Africam,</strong></span> <span class='ocrx_word' id='word_1_187' title='bbox 888 2372 996 2438; x_wconf 87' lang='lat' dir='ltr'><strong>eodem</strong></span> <span class='ocrx_word' id='word_1_188' title='bbox 1019 2373 1116 2438; x_wconf 89' lang='lat' dir='ltr'><strong>latere</strong></span> 
     </span>
     <span class='ocr_line' id='line_1_26' title="bbox 112 2457 1116 2543; baseline 0.005 -23"><span class='ocrx_word' id='word_1_189' title='bbox 112 2459 210 2536; x_wconf 85' lang='lat' dir='ltr'><strong>sitam,</strong></span> <span class='ocrx_word' id='word_1_190' title='bbox 227 2457 307 2521; x_wconf 79' lang='lat' dir='ltr'><strong>terrai</strong></span> <span class='ocrx_word' id='word_1_191' title='bbox 322 2460 456 2543; x_wconf 87' lang='lat' dir='ltr'><strong>marique</strong></span> <span class='ocrx_word' id='word_1_192' title='bbox 472 2457 614 2522; x_wconf 87' lang='lat' dir='ltr'><strong>invadere</strong></span> <span class='ocrx_word' id='word_1_193' title='bbox 631 2460 765 2542; x_wconf 87' lang='lat' dir='ltr'><strong>parabat,</strong></span> <span class='ocrx_word' id='word_1_194' title='bbox 780 2459 889 2525; x_wconf 88' lang='lat' dir='ltr'><strong>clausis</strong></span> <span class='ocrx_word' id='word_1_195' title='bbox 904 2480 1029 2524; x_wconf 78' lang='lat' dir='ltr'><strong>annone</strong></span> <span class='ocrx_word' id='word_1_196' title='bbox 1043 2458 1116 2524; x_wconf 84' lang='lat' dir='ltr'><strong>sub-</strong></span> 
     </span>
     <span class='ocr_line' id='line_1_27' title="bbox 113 2544 849 2629; baseline 0.004 -22"><span class='ocrx_word' id='word_1_197' title='bbox 113 2545 205 2620; x_wconf 88' lang='lat' dir='ltr'><strong>sidiis,</strong></span> <span class='ocrx_word' id='word_1_198' title='bbox 222 2545 351 2629; x_wconf 88' lang='lat' dir='ltr'><strong>inopiam</strong></span> <span class='ocrx_word' id='word_1_199' title='bbox 368 2566 404 2610; x_wconf 89' lang='lat' dir='ltr'><strong>ac</strong></span> <span class='ocrx_word' id='word_1_200' title='bbox 419 2544 596 2608; x_wconf 87' lang='lat' dir='ltr'><strong>discordiam</strong></span> <span class='ocrx_word' id='word_1_201' title='bbox 613 2545 690 2610; x_wconf 90' lang='lat' dir='ltr'><strong>hosti</strong></span> <span class='ocrx_word' id='word_1_202' title='bbox 707 2544 849 2610; x_wconf 87' lang='lat' dir='ltr'><strong>facturus.</strong></span> 
     </span>
    </p>
   </div>
   <div class='ocr_carea' id='block_1_7' title="bbox 156 2617 1216 2697">
    <p class='ocr_par' dir='ltr' id='par_1_8' title="bbox 156 2617 1216 2697">
     <span class='ocr_line' id='line_1_28' title="bbox 156 2617 1216 2697; baseline 0.003 -3"><span class='ocrx_word' id='word_1_203' title='bbox 156 2629 280 2694; x_wconf 84' lang='lat' dir='ltr'><strong>XLIX.</strong></span> <span class='ocrx_word' id='word_1_204' title='bbox 304 2630 387 2694; x_wconf 91' lang='lat' dir='ltr'><strong>Dum</strong></span> <span class='ocrx_word' id='word_1_205' title='bbox 416 2631 472 2694; x_wconf 90' lang='lat' dir='ltr'><strong>hac</strong></span> <span class='ocrx_word' id='word_1_206' title='bbox 499 2631 588 2696; x_wconf 92' lang='lat' dir='ltr'><strong>totius</strong></span> <span class='ocrx_word' id='word_1_207' title='bbox 613 2633 692 2697; x_wconf 90' lang='lat' dir='ltr'><strong>orbis</strong></span> <span class='ocrx_word' id='word_1_208' title='bbox 719 2632 884 2696; x_wconf 88' lang='lat' dir='ltr'><strong>mutatione</strong></span> <span class='ocrx_word' id='word_1_209' title='bbox 907 2630 1025 2696; x_wconf 81' lang='lat' dir='ltr'><strong>fortuna</strong></span> <span class='ocrx_word' id='word_1_210' title='bbox 1050 2629 1114 2696; x_wconf 69' lang='lat' dir='ltr'><strong>lm.</strong></span> <span class='ocrx_word' id='word_1_211' title='bbox 1212 2617 1216 2624; x_wconf 52' lang='grc'>’</span> 
     </span>
    </p>
   </div>
   <div class='ocr_carea' id='block_1_8' title="bbox 113 2717 1115 2975">
    <p class='ocr_par' dir='ltr' id='par_1_9' title="bbox 113 2717 1115 2975">
     <span class='ocr_line' id='line_1_29' title="bbox 114 2717 1115 2803; baseline 0.003 -24"><span class='ocrx_word' id='word_1_212' title='bbox 114 2719 188 2802; x_wconf 90' lang='lat' dir='ltr'><strong>perii</strong></span> <span class='ocrx_word' id='word_1_213' title='bbox 204 2717 318 2794; x_wconf 89' lang='lat' dir='ltr'><strong>transit,</strong></span> <span class='ocrx_word' id='word_1_214' title='bbox 335 2717 456 2780; x_wconf 90' lang='lat' dir='ltr'><strong>Primus</strong></span> <span class='ocrx_word' id='word_1_215' title='bbox 472 2718 622 2780; x_wconf 88' lang='lat' dir='ltr'><strong>Antonius</strong></span> <span class='ocrx_word' id='word_1_216' title='bbox 645 2718 838 2803; x_wconf 69' lang='lat' dir='ltr'><strong>nequisquam</strong></span> <span class='ocrx_word' id='word_1_217' title='bbox 857 2719 920 2803; x_wconf 90' lang='lat' dir='ltr'><strong>pari</strong></span> <span class='ocrx_word' id='word_1_218' title='bbox 940 2718 1115 2784; x_wconf 68' lang='lat' dir='ltr'><strong>innocentia</strong></span> 
     </span>
     <span class='ocr_line' id='line_1_30' title="bbox 114 2802 1113 2888; baseline 0.002 -22"><span class='ocrx_word' id='word_1_219' title='bbox 114 2817 181 2888; x_wconf 91' lang='lat' dir='ltr'><strong>post</strong></span> <span class='ocrx_word' id='word_1_220' title='bbox 197 2803 382 2868; x_wconf 89' lang='lat' dir='ltr'><strong>Cremonam</strong></span> <span class='ocrx_word' id='word_1_221' title='bbox 405 2804 535 2887; x_wconf 83' lang='lat' dir='ltr'><strong>agebat3</strong></span> <span class='ocrx_word' id='word_1_222' title='bbox 557 2802 742 2870; x_wconf 86' lang='lat' dir='ltr'><strong>satisfactum</strong></span> <span class='ocrx_word' id='word_1_223' title='bbox 766 2805 845 2869; x_wconf 93' lang='lat' dir='ltr'><strong>bello</strong></span> <span class='ocrx_word' id='word_1_224' title='bbox 868 2818 949 2868; x_wconf 87' lang='lat' dir='ltr'><strong>ratus</strong></span> <span class='ocrx_word' id='word_1_225' title='bbox 964 2818 996 2869; x_wconf 88' lang='lat' dir='ltr'><strong>et</strong></span> <span class='ocrx_word' id='word_1_226' title='bbox 1010 2817 1113 2868; x_wconf 87' lang='lat' dir='ltr'><strong>cetere</strong></span> 
     </span>
     <span class='ocr_line' id='line_1_31' title="bbox 113 2889 1114 2975; baseline 0 -21"><span class='ocrx_word' id='word_1_227' title='bbox 113 2911 154 2954; x_wconf 82' lang='lat' dir='ltr'><strong>ex</strong></span> <span class='ocrx_word' id='word_1_228' title='bbox 170 2889 260 2968; x_wconf 82' lang='lat' dir='ltr'><strong>lucili,</strong></span> <span class='ocrx_word' id='word_1_229' title='bbox 276 2912 329 2954; x_wconf 90' lang='lat' dir='ltr'><strong>seu</strong></span> <span class='ocrx_word' id='word_1_230' title='bbox 346 2889 471 2957; x_wconf 87' lang='lat' dir='ltr'><strong>felicitas</strong></span> <span class='ocrx_word' id='word_1_231' title='bbox 487 2891 516 2954; x_wconf 91' lang='lat' dir='ltr'><strong>in</strong></span> <span class='ocrx_word' id='word_1_232' title='bbox 533 2891 584 2954; x_wconf 92' lang='lat' dir='ltr'><strong>tali</strong></span> <span class='ocrx_word' id='word_1_233' title='bbox 608 2891 728 2974; x_wconf 90' lang='lat' dir='ltr'><strong>ingenio</strong></span> <span class='ocrx_word' id='word_1_234' title='bbox 752 2891 914 2968; x_wconf 85' lang='lat' dir='ltr'><strong>avaritiam,</strong></span> <span class='ocrx_word' id='word_1_235' title='bbox 930 2891 1114 2975; x_wconf 88' lang='lat' dir='ltr'><strong>superbiam,</strong></span> 
     </span>
    </p>
   </div>
   <div class='ocr_carea' id='block_1_9' title="bbox 4 2975 1114 3062">
    <p class='ocr_par' dir='ltr' id='par_1_10' title="bbox 4 2975 1114 3062">
     <span class='ocr_line' id='line_1_32' title="bbox 4 2975 1114 3062; baseline -0.001 -22"><span class='ocrx_word' id='word_1_236' title='bbox 4 2981 5 2984; x_wconf 72' lang='grc'>’</span> <span class='ocrx_word' id='word_1_237' title='bbox 112 2992 275 3062; x_wconf 88' lang='lat' dir='ltr'><strong>ceteraque</strong></span> <span class='ocrx_word' id='word_1_238' title='bbox 291 2977 410 3042; x_wconf 86' lang='lat' dir='ltr'><strong>occulta</strong></span> <span class='ocrx_word' id='word_1_239' title='bbox 431 2977 508 3042; x_wconf 87' lang='lat' dir='ltr'><strong>male</strong></span> <span class='ocrx_word' id='word_1_240' title='bbox 525 2975 685 3062; x_wconf 85' lang='lat' dir='ltr'><strong>patefecit:</strong></span> <span class='ocrx_word' id='word_1_241' title='bbox 710 2991 743 3040; x_wconf 91' lang='lat' dir='ltr'><strong>ut</strong></span> <span class='ocrx_word' id='word_1_242' title='bbox 761 2992 894 3062; x_wconf 86' lang='lat' dir='ltr'><strong>captam,</strong></span> <span class='ocrx_word' id='word_1_243' title='bbox 911 2976 1027 3040; x_wconf 89' lang='lat' dir='ltr'><strong>ltaliam</strong></span> <span class='ocrx_word' id='word_1_244' title='bbox 1044 2997 1114 3060; x_wconf 90' lang='lat' dir='ltr'><strong>per-</strong></span> 
     </span>
    </p>
   </div>
   <div class='ocr_carea' id='block_1_10' title="bbox 112 3061 1115 3665">
    <p class='ocr_par' dir='ltr' id='par_1_11' title="bbox 112 3061 1115 3665">
     <span class='ocr_line' id='line_1_33' title="bbox 113 3061 1113 3147; baseline -0.004 -19"><span class='ocrx_word' id='word_1_245' title='bbox 113 3064 243 3141; x_wconf 84' lang='lat' dir='ltr'><strong>sultare3</strong></span> <span class='ocrx_word' id='word_1_246' title='bbox 267 3079 300 3128; x_wconf 92' lang='lat' dir='ltr'><strong>ut</strong></span> <span class='ocrx_word' id='word_1_247' title='bbox 314 3086 395 3141; x_wconf 87' lang='lat' dir='ltr'><strong>suas,</strong></span> <span class='ocrx_word' id='word_1_248' title='bbox 410 3063 545 3145; x_wconf 85' lang='lat' dir='ltr'><strong>legiones</strong></span> <span class='ocrx_word' id='word_1_249' title='bbox 563 3064 686 3144; x_wconf 72' lang='lat' dir='ltr'><strong>colere,</strong></span> <span class='ocrx_word' id='word_1_250' title='bbox 707 3065 845 3128; x_wconf 90' lang='lat' dir='ltr'><strong>omnibus</strong></span> <span class='ocrx_word' id='word_1_251' title='bbox 859 3063 948 3128; x_wconf 88' lang='lat' dir='ltr'><strong>dictis</strong></span> <span class='ocrx_word' id='word_1_252' title='bbox 968 3061 1113 3147; x_wconf 87' lang='lat' dir='ltr'><strong>lactisque</strong></span> 
     </span>
     <span class='ocr_line' id='line_1_34' title="bbox 114 3149 1112 3236; baseline 0.002 -24"><span class='ocrx_word' id='word_1_253' title='bbox 114 3151 192 3214; x_wconf 91' lang='lat' dir='ltr'><strong>viam</strong></span> <span class='ocrx_word' id='word_1_254' title='bbox 222 3151 277 3214; x_wconf 86' lang='lat' dir='ltr'><strong>sibi</strong></span> <span class='ocrx_word' id='word_1_255' title='bbox 308 3151 345 3214; x_wconf 87' lang='lat' dir='ltr'><strong>ad</strong></span> <span class='ocrx_word' id='word_1_256' title='bbox 374 3151 538 3233; x_wconf 90' lang='lat' dir='ltr'><strong>potentium</strong></span> <span class='ocrx_word' id='word_1_257' title='bbox 562 3165 695 3214; x_wconf 89' lang='lat' dir='ltr'><strong>struere:</strong></span> <span class='ocrx_word' id='word_1_258' title='bbox 721 3165 813 3236; x_wconf 91' lang='lat' dir='ltr'><strong>utque</strong></span> <span class='ocrx_word' id='word_1_259' title='bbox 837 3149 960 3216; x_wconf 75' lang='lat' dir='ltr'><strong>licentiis</strong></span> <span class='ocrx_word' id='word_1_260' title='bbox 985 3149 1112 3214; x_wconf 88' lang='lat' dir='ltr'><strong>militem</strong></span> 
     </span>
     <span class='ocr_line' id='line_1_35' title="bbox 113 3235 1113 3318; baseline -0.003 -18"><span class='ocrx_word' id='word_1_261' title='bbox 113 3236 272 3313; x_wconf 88' lang='lat' dir='ltr'><strong>imbueret,</strong></span> <span class='ocrx_word' id='word_1_262' title='bbox 302 3235 527 3300; x_wconf 77' lang='lat' dir='ltr'><strong>interfectorum</strong></span> <span class='ocrx_word' id='word_1_263' title='bbox 558 3236 778 3304; x_wconf 87' lang='lat' dir='ltr'><strong>Centuriouum</strong></span> <span class='ocrx_word' id='word_1_264' title='bbox 802 3236 922 3302; x_wconf 90' lang='lat' dir='ltr'><strong>ordines</strong></span> <span class='ocrx_word' id='word_1_265' title='bbox 944 3235 1113 3318; x_wconf 87' lang='lat' dir='ltr'><strong>legionibus</strong></span> 
     </span>
     <span class='ocr_line' id='line_1_36' title="bbox 112 3322 1113 3409; baseline 0 -23"><span class='ocrx_word' id='word_1_266' title='bbox 112 3322 277 3386; x_wconf 86' lang='lat' dir='ltr'><strong>offerebat:</strong></span> <span class='ocrx_word' id='word_1_267' title='bbox 301 3343 339 3386; x_wconf 93' lang='lat' dir='ltr'><strong>eo</strong></span> <span class='ocrx_word' id='word_1_268' title='bbox 353 3322 495 3404; x_wconf 87' lang='lat' dir='ltr'><strong>suffragio</strong></span> <span class='ocrx_word' id='word_1_269' title='bbox 510 3324 728 3388; x_wconf 86' lang='lat' dir='ltr'><strong>turbidissimus</strong></span> <span class='ocrx_word' id='word_1_270' title='bbox 751 3325 877 3409; x_wconf 86' lang='lat' dir='ltr'><strong>quisque</strong></span> <span class='ocrx_word' id='word_1_271' title='bbox 900 3322 1029 3386; x_wconf 88' lang='lat' dir='ltr'><strong>delecti:</strong></span> <span class='ocrx_word' id='word_1_272' title='bbox 1054 3342 1113 3386; x_wconf 88' lang='lat' dir='ltr'><strong>uec</strong></span> 
     </span>
     <span class='ocr_line' id='line_1_37' title="bbox 113 3406 1115 3487; baseline 0 -15"><span class='ocrx_word' id='word_1_273' title='bbox 113 3409 200 3472; x_wconf 88' lang='lat' dir='ltr'><strong>miles</strong></span> <span class='ocrx_word' id='word_1_274' title='bbox 216 3409 245 3472; x_wconf 91' lang='lat' dir='ltr'><strong>in</strong></span> <span class='ocrx_word' id='word_1_275' title='bbox 261 3409 382 3472; x_wconf 92' lang='lat' dir='ltr'><strong>arbitrio</strong></span> <span class='ocrx_word' id='word_1_276' title='bbox 392 3406 526 3487; x_wconf 86' lang='lat' dir='ltr'><strong>Ducum,</strong></span> <span class='ocrx_word' id='word_1_277' title='bbox 542 3411 596 3474; x_wconf 90' lang='lat' dir='ltr'><strong>sed</strong></span> <span class='ocrx_word' id='word_1_278' title='bbox 609 3409 715 3474; x_wconf 88' lang='lat' dir='ltr'><strong>Duces</strong></span> <span class='ocrx_word' id='word_1_279' title='bbox 725 3411 842 3474; x_wconf 90' lang='lat' dir='ltr'><strong>militari</strong></span> <span class='ocrx_word' id='word_1_280' title='bbox 855 3408 997 3472; x_wconf 69' lang='lat' dir='ltr'><strong>violentia</strong></span> <span class='ocrx_word' id='word_1_281' title='bbox 1011 3408 1115 3472; x_wconf 85' lang='lat' dir='ltr'><strong>trabe-</strong></span> 
     </span>
     <span class='ocr_line' id='line_1_38' title="bbox 112 3493 1115 3582; baseline 0.002 -26"><span class='ocrx_word' id='word_1_282' title='bbox 112 3494 229 3558; x_wconf 89' lang='lat' dir='ltr'><strong>bantur.</strong></span> <span class='ocrx_word' id='word_1_283' title='bbox 276 3493 354 3568; x_wconf 80' lang='lat' dir='ltr'><strong>Quae</strong></span> <span class='ocrx_word' id='word_1_284' title='bbox 370 3494 521 3573; x_wconf 87' lang='lat' dir='ltr'><strong>seditiosa,</strong></span> <span class='ocrx_word' id='word_1_285' title='bbox 543 3511 574 3561; x_wconf 91' lang='lat' dir='ltr'><strong>et</strong></span> <span class='ocrx_word' id='word_1_286' title='bbox 595 3497 823 3582; x_wconf 70' lang='lat' dir='ltr'><strong>corrumpenda</strong></span> <span class='ocrx_word' id='word_1_287' title='bbox 845 3495 1018 3581; x_wconf 80' lang='lat' dir='ltr'><strong>discipline,</strong></span> <span class='ocrx_word' id='word_1_288' title='bbox 1039 3515 1115 3559; x_wconf 87' lang='lat' dir='ltr'><strong>mox</strong></span> 
     </span>
     <span class='ocr_line' id='line_1_39' title="bbox 113 3580 1115 3665; baseline 0 -21"><span class='ocrx_word' id='word_1_289' title='bbox 113 3581 142 3644; x_wconf 93' lang='lat' dir='ltr'><strong>in</strong></span> <span class='ocrx_word' id='word_1_290' title='bbox 160 3580 289 3665; x_wconf 85' lang='lat' dir='ltr'><strong>praedam</strong></span> <span class='ocrx_word' id='word_1_291' title='bbox 308 3583 454 3660; x_wconf 87' lang='lat' dir='ltr'><strong>vertebat,</strong></span> <span class='ocrx_word' id='word_1_292' title='bbox 473 3583 547 3648; x_wconf 90' lang='lat' dir='ltr'><strong>nihil</strong></span> <span class='ocrx_word' id='word_1_293' title='bbox 570 3583 784 3648; x_wconf 88' lang='lat' dir='ltr'><strong>adventantem</strong></span> <span class='ocrx_word' id='word_1_294' title='bbox 800 3583 973 3648; x_wconf 88' lang='lat' dir='ltr'><strong>Musianum</strong></span> <span class='ocrx_word' id='word_1_295' title='bbox 990 3582 1115 3658; x_wconf 85' lang='lat' dir='ltr'><strong>veritus,</strong></span> 
     </span>
    </p>
   </div>
   <div class='ocr_carea' id='block_1_11' title="bbox 112 3667 968 3756">
    <p class='ocr_par' dir='ltr' id='par_1_12' title="bbox 112 3667 968 3756">
     <span class='ocr_line' id='line_1_40' title="bbox 112 3667 968 3756; baseline 0.002 -24"><span class='ocrx_word' id='word_1_296' title='bbox 112 3667 193 3751; x_wconf 93' lang='lat' dir='ltr'><strong>quod</strong></span> <span class='ocrx_word' id='word_1_297' title='bbox 206 3668 361 3734; x_wconf 80' lang='lat' dir='ltr'><strong>exitiosius</strong></span> <span class='ocrx_word' id='word_1_298' title='bbox 376 3683 451 3748; x_wconf 87' lang='lat' dir='ltr'><strong>erat,</strong></span> <span class='ocrx_word' id='word_1_299' title='bbox 468 3670 558 3755; x_wconf 76' lang='lat' dir='ltr'><strong>quium</strong></span> <span class='ocrx_word' id='word_1_300' title='bbox 572 3669 793 3756; x_wconf 87' lang='lat' dir='ltr'><strong>Vespasianum</strong></span> <span class='ocrx_word' id='word_1_301' title='bbox 808 3670 968 3756; x_wconf 85' lang='lat' dir='ltr'><strong>spreuisse.</strong></span> 
     </span>
    </p>
   </div>
   <div class='ocr_carea' id='block_1_12' title="bbox 0 0 1258 4254">
    <p class='ocr_par' dir='ltr' id='par_1_13' title="bbox 0 0 1258 4254">
     <span class='ocr_line' id='line_1_41' title="bbox 0 0 1258 4254; baseline 0 0"><span class='ocrx_word' id='word_1_302' title='bbox 0 0 1258 4254; x_wconf 95' lang='lat' dir='ltr'><strong> </strong></span> 
     </span>
    </p>
   </div>
  </div>
 </body>
</html>
