2560 4258
149 259 242 326 A.C.
259 261 326 344 69.]
446 259 586 326 Hrsrua.
609 235 686 325 Lm.
711 261 853 326 Parmos.
1110 251 1152 323 27

150 425 244 490 lentio
261 426 389 509 proximi
404 425 550 512 cujusque
566 426 721 489 audaciam
738 440 957 510 expectantes:
974 423 1062 490 insita
1074 447 1154 488 ιιιοι-

152 513 262 576 talibus
278 511 393 587 naturd,
418 535 544 614 propere
567 513 662 598 sequi,
690 535 755 597 que
783 515 865 596 piget
891 513 1042 575 inchoare.
1090 513 1155 575 Sed

153 599 227 682 ipsis
243 599 431 680 legionibus
424 615 519 662 inerat
534 599 689 662 diversitas
701 601 880 662 animorum.
925 597 1058 661 Primani
1070 597 1155 697 quin-

152 686 276 769 tanique
302 686 409 748 turbidi
432 685 520 762 aded,
544 701 576 747 ut
592 687 712 770 quidam
729 707 802 747 saxa
829 687 857 748 in
881 684 1015 747 Galbae'
1009 687 1153 766 imagines

147 770 298 856 jecerint:
320 773 541 856 quintadecima
558 794 593 834 ac
608 774 815 834 sextadecima
830 773 975 852 legiones,
992 772 1063 833 nibil
1069 739 1154 834 ultra

150 857 302 921 fremitum
319 875 348 923 et
365 861 459 921 minas
482 880 570 932 ausae,
594 859 708 920 initium
725 859 902 942 erumpendi
919 859 1152 940 circumspecta·

150 943 235 1008 bant.
271 946 323 1007 *At
339 946 367 1006 in
384 945 538 1028 superiori,
562 961 665 1028 quarta
688 966 723 1007 ao
739 945 984 1008 duodevicesima
1007 945 1151 1025 legiones,

151 1030 258 1094 iisdem
276 1032 417 1114 hybernis
440 1033 609 1106 tendentes,
633 1033 698 1112 ipso
714 1031 918 1094 Kalendarum
942 1029 1152 1094 Januariarum

152 1116 214 1194 die,
241 1119 414 1200 dirumpunt
440 1119 584 1199 imagines
611 1117 736 1180 Galbae:
765 1133 867 1203 quarta
890 1118 970 1198 legio
997 1117 1152 1200 promritis,

151 1203 394 1266 duodevicesima
419 1219 606 1280 cunctanter,
630 1225 702 1267 mox
718 1211 879 1267 c'onsensu.
927 1205 985 1279 Ac,
1011 1225 1048 1264 ne
1065 1223 1152 1265 reve·

152 1291 278 1354 rentiam
295 1290 415 1374 lmperii
431 1311 544 1354 exuere
562 1291 741 1366 viderentur,
756 1289 887 1355 Sarrastis
902 1287 1073 1374 Populique
1085 1288 1152 1352 Ro·

150 1397 232 1440 mam
227 1377 430 1440 obliterata
418 1399 481 1462 Jaru
498 1379 619 1439 nomina
634 1393 822 1440 sacramento
837 1377 1043 1438 advocabant:
1062 1376 1152 1437 nullo
1252 1379 1253 1394 ¹

150 1461 335 1562 Legatorunr
352 1461 596 1526 Tribunorunive
621 1485 675 1545 pro
690 1462 790 1526 Galba
812 1463 937 1540 nitente,
961 1462 1151 1560 quibusdam,
1252 1515 1253 1550 3

151 1549 234 1614 utin
258 1545 397 1626 tumultu,
422 1549 579 1612 notabiliits
606 1550 801 1612 turbantibus.
847 1547 917 1610 Non
944 1563 1045 1611 tamen
1073 1549 1152 1646 quis·

151 1657 242 1722 quam
258 1636 286 1697 in
312 1636 433 1698 modum
449 1637 602 1698 concionis
625 1653 767 1720 suggestu
790 1636 929 1734 locutus:
954 1633 1151 1720 nequeenim

151 1735 216 1784 erat
231 1721 342 1798 adbuc,
358 1723 406 1783 cui
422 1722 628 1804 imputaretur.

155 1805 282 1869 LVl.
307 1807 468 1889 Spectator
489 1807 589 1888 flagitii
609 1807 800 1872 Hordeonius
816 1807 958 1884 Flaccus,
975 1765 1150 1870 Consularis

150 1855 295 1976 Legatos,
312 1894 425 1969 aderat,
441 1915 499 1954 non
516 1915 711 1976 compescere
727 1909 859 1970 ruentes,
875 1915 934 1956 non
951 1895 1078 1957 retinere
1096 1893 1151 1975 du-

150 1977 226 2056 bios,
250 2001 308 2040 non
326 1979 474 2042 cohortari
496 1980 590 2041 bonos
614 2001 724 2042 ausus:
751 1981 849 2042 sed
827 1981 929 2062 signis,
954 1979 1090 2062 pavidus,
1118 1991 1150 2042 et

148 2063 287 2128 socordia
311 2066 465 2128 innocens.
510 2064 651 2139 Quattuor
673 2065 875 2130 Centuriones
898 2065 1151 2129 duodevicesimus
1252 2075 1253 2088 ¹

148 2151 285 2234 legionis,
317 2151 434 2214 Nouius
465 2151 634 2234 Receptus,
666 2151 813 2218 Donatius
842 2151 967 2229 Valens,
998 2151 1149 2216 Romilius
1222 2189 1232 2213 t

149 2236 326 2338 Marcellus,
343 2237 526 2320 Calpurnius
547 2237 750 2320 Repentinus,
773 2239 842 2302 ciam
867 2253 1059 2338 protegerent
1075 2235 1150 2299 Gal·

109 2363 110 2366 =
147 2323 216 2388 lrae
209 2326 364 2406 imagines,
385 2325 499 2408 impetu
517 2325 643 2388 militum
660 2325 775 2409 abrepti
793 2326 955 2408 vinctique.
1001 2322 1069 2386 Nec
1085 2323 1149 2385 cui·

150 2431 239 2496 quam
268 2411 345 2472 ultra
370 2412 444 2473 fides
474 2426 526 2474 aut
556 2413 699 2474 memoria
727 2413 830 2495 prioris
860 2411 1058 2474 sacramenti:
1083 2408 1148 2488 sed,

170 2497 266 2560 uod
260 2520 288 2560 m
319 2497 513 2560 seditionibus
540 2498 658 2573 accidit,
686 2499 766 2560 unde
795 2499 893 2581 plures
920 2511 1015 2573 erant,
1042 2515 1174 2558 omnes·
1252 2571 1253 2576 γ

148 2518 244 2646 inere.
290 2582 401 2660 Nocte,
424 2605 489 2668 que
505 2583 659 2646 Kalendas
675 2584 832 2646 Januarias
848 2599 951 2646 secuta
967 2596 1023 2659 est,
1047 2582 1074 2644 in
1097 2603 1150 2644 co·

147 2669 257 2732 loniam
283 2670 537 2792 Agrippinensem
564 2671 700 2755 aquilifer
725 2686 836 2756 quartae
862 2669 987 2752 legionis
1014 2667 1149 2751 epulanti
1252 2687 1253 2766 J

150 2752 275 2818 Vitellio
305 2758 431 2834 nuntiat,
458 2764 616 2841 ‘quartam
644 2773 675 2820 et
701 2757 976 2819 duodevicesimam
1003 2753 1148 2834 legiones,

149 2840 287 2926 projectis
304 2842 408 2905 Galbae
431 2844 650 2924 imaginibus
643 2866 673 2906 ιιι
691 2842 821 2906 Senattis
840 2857 872 2904 et
888 2840 998 2924 Populi
1015 2839 1148 2902 Romani
1252 2831 1253 2890 l

150 2927 272 2990 verba
259 2927 399 3012 Juralsse?
445 2928 481 2992 Id
504 2944 724 2992 sacramentum
748 2930 837 2991 inane
861 2929 981 2990 visum:
1006 2925 1149 3008 occupari
1252 2961 1253 2966 κ

148 3027 304 3076 nutantem
322 3014 499 3090 Fortunam,
515 3031 546 3077 et
562 3015 680 3077 offerri
697 3013 881 3096 Principem
900 3013 1023 3096 placuit.
1063 3011 1149 3074 Missi
1252 3027 1253 3032 ’

149 3121 167 3162 ι
183 3098 309 3162 Vnetuo
324 3101 360 3162 ad
378 3101 511 3182 legiones
527 3100 735 3184 Legatosque,
753 3123 801 3185 qur
795 3099 1000 3162 '‘descivisse
1016 3119 1033 3160 a
1050 3095 1151 3160 Galba

148 3189 333 3270 superiorem
360 3185 550 3262 exercitum,’
579 3188 766 3250 nuntiarent:
792 3185 936 3270 ‘proinde
960 3199 1012 3246 aut
1035 3183 1150 3246 bellan-

148 3269 220 3335 dum
247 3273 389 3335 adversus
405 3272 618 3349 desciscentes,
643 3290 704 3350 aut,
729 3294 754 3335 st
745 3272 929 3335 concordia
953 3285 984 3333 et
1001 3291 1061 3352 pax
1085 3270 1150 3353 pla-

147 3373 226 3435 ceat,
243 3358 413 3421 laciendum
431 3358 669 3474 Imperatorem:
694 3374 724 3424 et
746 3359 860 3422 minora
877 3357 1047 3421 discrimine
1070 3357 1149 3419 sumi

149 3443 334 3524 Principem,
351 3445 441 3529 quam
459 3445 571 3530 quaeri'

191 3529 294 3594 LVll.
319 3531 465 3594 Proxima
480 3532 605 3612 legionis
621 3533 722 3611 primae
739 3532 874 3616 hyberna
890 3544 985 3607 erant,
1002 3543 1033 3594 et
1048 3551 1150 3613 prom·

148 3617 278 3680 tissimus
301 3639 319 3678 e
336 3617 460 3699 Legatrs
476 3616 589 3681 Fabius
604 3616 730 3680 Valens.
776 3618 806 3680 ls
821 3619 870 3680 die
895 3633 1017 3701 postero
1036 3616 1151 3678 coloni·

147 3723 195 3772 am
209 3704 463 3788 Agrippinensem
475 3727 544 3767 cum
561 3705 710 3766 euitibus
725 3705 852 3786 legionis
864 3703 1150 3786 auxiliariorumque

146 3789 307 3876 ingressus,
339 3787 550 3876 Imperatorem
561 3725 733 3855 eiitellium
763 3789 973 3854 consalutarit.
1029 3787 1149 3852 Secuta
