<?xml version="1.0" encoding="UTF-8"?>
<!DOCTYPE html PUBLIC "-//W3C//DTD XHTML 1.0 Transitional//EN"
    "http://www.w3.org/TR/xhtml1/DTD/xhtml1-transitional.dtd">
<html xmlns="http://www.w3.org/1999/xhtml" xml:lang="en" lang="en">
 <head>
  <title>
</title>
<meta http-equiv="Content-Type" content="text/html;charset=utf-8" />
  <meta name='ocr-system' content='tesseract 3.04.00' />
  <meta name='ocr-capabilities' content='ocr_page ocr_carea ocr_par ocr_line ocrx_word'/>
</head>
<body>
  <div class='ocr_page' id='page_1' title='image "./ccorneliitaciti24tacigoog_0226.png"; bbox 0 0 2508 4254; ppageno 0'>
   <div class='ocr_carea' id='block_1_1' title="bbox 152 205 1237 292">
    <p class='ocr_par' dir='ltr' id='par_1_1' title="bbox 152 205 1237 292">
     <span class='ocr_line' id='line_1_1' title="bbox 152 205 1237 292; baseline -0.005 -16"><span class='ocrx_word' id='word_1_1' title='bbox 152 212 215 276; x_wconf 80' lang='lat'>106</span> <span class='ocrx_word' id='word_1_2' title='bbox 441 209 482 276; x_wconf 88' lang='lat' dir='ltr'>C.</span> <span class='ocrx_word' id='word_1_3' title='bbox 506 208 616 277; x_wconf 76' lang='lat' dir='ltr'>Com.</span> <span class='ocrx_word' id='word_1_4' title='bbox 639 207 764 274; x_wconf 77' lang='lat' dir='ltr'>Tactnt</span> <span class='ocrx_word' id='word_1_5' title='bbox 941 208 996 292; x_wconf 87' lang='grc' dir='ltr'>[Α.</span> <span class='ocrx_word' id='word_1_6' title='bbox 1012 205 1056 272; x_wconf 90' lang='lat' dir='ltr'>U.</span> <span class='ocrx_word' id='word_1_7' title='bbox 1072 209 1155 272; x_wconf 73' lang='lat'>822.</span> <span class='ocrx_word' id='word_1_8' title='bbox 1236 239 1237 246; x_wconf 43' lang='lat'>1</span> 
     </span>
    </p>
   </div>
   <div class='ocr_carea' id='block_1_2' title="bbox 150 372 1157 1410">
    <p class='ocr_par' dir='ltr' id='par_1_2' title="bbox 150 372 1156 544">
     <span class='ocr_line' id='line_1_2' title="bbox 150 372 1156 458; baseline -0.002 -20"><span class='ocrx_word' id='word_1_9' title='bbox 150 394 272 440; x_wconf 86' lang='lat' dir='ltr'>omnem</span> <span class='ocrx_word' id='word_1_10' title='bbox 295 372 437 436; x_wconf 86' lang='lat' dir='ltr'>invidiam</span> <span class='ocrx_word' id='word_1_11' title='bbox 460 373 489 436; x_wconf 90' lang='lat' dir='ltr'>io</span> <span class='ocrx_word' id='word_1_12' title='bbox 517 374 700 449; x_wconf 74' lang='grc'><strong>0010103111,</strong></span> <span class='ocrx_word' id='word_1_13' title='bbox 724 388 866 458; x_wconf 87' lang='lat' dir='ltr'>tanquam</span> <span class='ocrx_word' id='word_1_14' title='bbox 883 372 1022 455; x_wconf 85' lang='lat' dir='ltr'>‘signum</span> <span class='ocrx_word' id='word_1_15' title='bbox 1047 373 1156 436; x_wconf 89' lang='lat' dir='ltr'>incen-</span> 
     </span>
     <span class='ocr_line' id='line_1_3' title="bbox 150 458 932 544; baseline -0.005 -19"><span class='ocrx_word' id='word_1_16' title='bbox 150 461 257 524; x_wconf 79' lang='lat' dir='ltr'>dendae</span> <span class='ocrx_word' id='word_1_17' title='bbox 273 458 444 523; x_wconf 82' lang='lat' dir='ltr'>Cremonae’</span> <span class='ocrx_word' id='word_1_18' title='bbox 460 460 603 536; x_wconf 82' lang='lat' dir='ltr'><strong>dedisset,</strong></span> <span class='ocrx_word' id='word_1_19' title='bbox 619 459 760 544; x_wconf 74' lang='lat' dir='ltr'>quaejam</span> <span class='ocrx_word' id='word_1_20' title='bbox 776 459 932 542; x_wconf 87' lang='lat' dir='ltr'>flagrabat.</span> 
     </span>
    </p>

    <p class='ocr_par' dir='ltr' id='par_1_3' title="bbox 150 544 1157 1410">
     <span class='ocr_line' id='line_1_4' title="bbox 195 544 1157 630; baseline -0.004 -19"><span class='ocrx_word' id='word_1_21' title='bbox 195 545 353 611; x_wconf 92' lang='lat' dir='ltr'>XXXlll.</span> <span class='ocrx_word' id='word_1_22' title='bbox 378 545 586 628; x_wconf 78' lang='lat' dir='ltr'><strong>Quadraginta</strong></span> <span class='ocrx_word' id='word_1_23' title='bbox 601 563 780 610; x_wconf 88' lang='lat' dir='ltr'>armatorum</span> <span class='ocrx_word' id='word_1_24' title='bbox 804 546 896 609; x_wconf 87' lang='lat' dir='ltr'>millia</span> <span class='ocrx_word' id='word_1_25' title='bbox 911 544 1157 630; x_wconf 55' lang='grc' dir='ltr'><strong>100οὂ130310-</strong></span> 
     </span>
     <span class='ocr_line' id='line_1_5' title="bbox 151 631 1156 717; baseline -0.002 -21"><span class='ocrx_word' id='word_1_26' title='bbox 151 655 224 696; x_wconf 91' lang='lat' dir='ltr'>num</span> <span class='ocrx_word' id='word_1_27' title='bbox 241 635 429 716; x_wconf 82' lang='lat' dir='ltr'>lixarumque</span> <span class='ocrx_word' id='word_1_28' title='bbox 444 633 570 717; x_wconf 89' lang='lat' dir='ltr'>amplior</span> <span class='ocrx_word' id='word_1_29' title='bbox 585 654 738 708; x_wconf 87' lang='lat' dir='ltr'>numerus,</span> <span class='ocrx_word' id='word_1_30' title='bbox 754 649 786 696; x_wconf 91' lang='lat' dir='ltr'>et</span> <span class='ocrx_word' id='word_1_31' title='bbox 800 633 829 694; x_wconf 92' lang='lat' dir='ltr'>in</span> <span class='ocrx_word' id='word_1_32' title='bbox 845 631 998 696; x_wconf 77' lang='lat' dir='ltr'>libidinem</span> <span class='ocrx_word' id='word_1_33' title='bbox 1014 633 1156 696; x_wconf 72' lang='grc'><strong>303331-</strong></span> 
     </span>
     <span class='ocr_line' id='line_1_6' title="bbox 150 717 1154 803; baseline -0.004 -19"><span class='ocrx_word' id='word_1_34' title='bbox 150 720 222 784; x_wconf 86' lang='lat' dir='ltr'>tiam</span> <span class='ocrx_word' id='word_1_35' title='bbox 238 720 413 802; x_wconf 81' lang='lat' dir='ltr'>corruptior.</span> <span class='ocrx_word' id='word_1_36' title='bbox 459 718 530 782; x_wconf 87' lang='lat' dir='ltr'>Non</span> <span class='ocrx_word' id='word_1_37' title='bbox 554 720 690 801; x_wconf 86' lang='lat' dir='ltr'>dignitas,</span> <span class='ocrx_word' id='word_1_38' title='bbox 706 741 766 782; x_wconf 91' lang='lat' dir='ltr'>non</span> <span class='ocrx_word' id='word_1_39' title='bbox 790 735 861 782; x_wconf 75' lang='lat' dir='ltr'>etas</span> <span class='ocrx_word' id='word_1_40' title='bbox 884 719 1073 802; x_wconf 78' lang='lat' dir='ltr'>protegebat,</span> <span class='ocrx_word' id='word_1_41' title='bbox 1090 717 1154 803; x_wconf 81' lang='lat' dir='ltr'>qud</span> 
     </span>
     <span class='ocr_line' id='line_1_7' title="bbox 150 803 1157 889; baseline -0.002 -19"><span class='ocrx_word' id='word_1_42' title='bbox 150 806 250 870; x_wconf 78' lang='lat' dir='ltr'>minito</span> <span class='ocrx_word' id='word_1_43' title='bbox 265 821 369 889; x_wconf 86' lang='lat' dir='ltr'>stupra</span> <span class='ocrx_word' id='word_1_44' title='bbox 388 805 529 882; x_wconf 80' lang='lat' dir='ltr'>cedibus,</span> <span class='ocrx_word' id='word_1_45' title='bbox 545 806 644 868; x_wconf 88' lang='lat' dir='ltr'>caedes</span> <span class='ocrx_word' id='word_1_46' title='bbox 666 805 787 888; x_wconf 85' lang='lat' dir='ltr'>stupris,</span> <span class='ocrx_word' id='word_1_47' title='bbox 803 805 1006 871; x_wconf 82' lang='lat' dir='ltr'>miscerentur.</span> <span class='ocrx_word' id='word_1_48' title='bbox 1053 803 1157 868; x_wconf 88' lang='lat' dir='ltr'>Gran·</span> 
     </span>
     <span class='ocr_line' id='line_1_8' title="bbox 151 891 1155 975; baseline 0 -19"><span class='ocrx_word' id='word_1_49' title='bbox 151 891 253 956; x_wconf 81' lang='lat' dir='ltr'>devos</span> <span class='ocrx_word' id='word_1_50' title='bbox 275 913 374 969; x_wconf 87' lang='lat' dir='ltr'>senes,</span> <span class='ocrx_word' id='word_1_51' title='bbox 400 892 510 956; x_wconf 68' lang='lat' dir='ltr'>exacte</span> <span class='ocrx_word' id='word_1_52' title='bbox 531 907 617 956; x_wconf 83' lang='lat' dir='ltr'>aetate</span> <span class='ocrx_word' id='word_1_53' title='bbox 641 891 790 968; x_wconf 72' lang='lat' dir='ltr'>staminas,</span> <span class='ocrx_word' id='word_1_54' title='bbox 806 893 881 954; x_wconf 88' lang='lat' dir='ltr'>viles</span> <span class='ocrx_word' id='word_1_55' title='bbox 904 891 942 954; x_wconf 88' lang='lat' dir='ltr'>ad</span> <span class='ocrx_word' id='word_1_56' title='bbox 965 892 1107 975; x_wconf 77' lang='lat' dir='ltr'>predam,</span> <span class='ocrx_word' id='word_1_57' title='bbox 1122 892 1155 956; x_wconf 91' lang='lat' dir='ltr'>in</span> 
     </span>
     <span class='ocr_line' id='line_1_9' title="bbox 152 977 1156 1062; baseline -0.002 -20"><span class='ocrx_word' id='word_1_58' title='bbox 152 977 310 1042; x_wconf 90' lang='lat' dir='ltr'>ludibrium</span> <span class='ocrx_word' id='word_1_59' title='bbox 334 979 503 1042; x_wconf 89' lang='lat' dir='ltr'>trahebant.</span> <span class='ocrx_word' id='word_1_60' title='bbox 549 977 612 1042; x_wconf 90' lang='lat' dir='ltr'>Ubi</span> <span class='ocrx_word' id='word_1_61' title='bbox 637 979 739 1042; x_wconf 90' lang='lat' dir='ltr'>adulta</span> <span class='ocrx_word' id='word_1_62' title='bbox 766 980 860 1062; x_wconf 83' lang='lat' dir='ltr'>virgo,</span> <span class='ocrx_word' id='word_1_63' title='bbox 885 992 936 1040; x_wconf 91' lang='lat' dir='ltr'>aut</span> <span class='ocrx_word' id='word_1_64' title='bbox 967 979 1033 1062; x_wconf 92' lang='lat' dir='ltr'>quis</span> <span class='ocrx_word' id='word_1_65' title='bbox 1055 977 1156 1042; x_wconf 74' lang='lat' dir='ltr'>lotrad</span> 
     </span>
     <span class='ocr_line' id='line_1_10' title="bbox 151 1064 1154 1149; baseline 0 -21"><span class='ocrx_word' id='word_1_66' title='bbox 151 1066 344 1149; x_wconf 87' lang='lat' dir='ltr'>conspicuus,</span> <span class='ocrx_word' id='word_1_67' title='bbox 360 1065 521 1140; x_wconf 89' lang='lat' dir='ltr'>incidisset,</span> <span class='ocrx_word' id='word_1_68' title='bbox 538 1065 566 1127; x_wconf 90' lang='lat' dir='ltr'>vi</span> <span class='ocrx_word' id='word_1_69' title='bbox 590 1065 787 1149; x_wconf 87' lang='lat' dir='ltr'>manibusque</span> <span class='ocrx_word' id='word_1_70' title='bbox 811 1064 989 1147; x_wconf 78' lang='lat' dir='ltr'>rapientium</span> <span class='ocrx_word' id='word_1_71' title='bbox 1005 1065 1154 1140; x_wconf 78' lang='lat' dir='ltr'>divulsus,</span> 
     </span>
     <span class='ocr_line' id='line_1_11' title="bbox 151 1149 1154 1236; baseline -0.002 -22"><span class='ocrx_word' id='word_1_72' title='bbox 151 1151 233 1236; x_wconf 91' lang='lat' dir='ltr'>ipsos</span> <span class='ocrx_word' id='word_1_73' title='bbox 253 1150 404 1236; x_wconf 81' lang='lat' dir='ltr'>postremo</span> <span class='ocrx_word' id='word_1_74' title='bbox 429 1152 594 1236; x_wconf 87' lang='lat' dir='ltr'>direptores</span> <span class='ocrx_word' id='word_1_75' title='bbox 616 1152 645 1216; x_wconf 92' lang='lat' dir='ltr'>in</span> <span class='ocrx_word' id='word_1_76' title='bbox 670 1169 804 1214; x_wconf 87' lang='lat' dir='ltr'>mutuam</span> <span class='ocrx_word' id='word_1_77' title='bbox 831 1149 993 1234; x_wconf 86' lang='lat' dir='ltr'>perniciem</span> <span class='ocrx_word' id='word_1_78' title='bbox 1023 1151 1154 1231; x_wconf 81' lang='lat' dir='ltr'>agebat:</span> 
     </span>
     <span class='ocr_line' id='line_1_12' title="bbox 152 1236 1156 1322; baseline 0 -22"><span class='ocrx_word' id='word_1_79' title='bbox 152 1237 224 1300; x_wconf 89' lang='lat' dir='ltr'>dum</span> <span class='ocrx_word' id='word_1_80' title='bbox 242 1239 411 1322; x_wconf 90' lang='lat' dir='ltr'>pecuniam,</span> <span class='ocrx_word' id='word_1_81' title='bbox 428 1239 476 1301; x_wconf 87' lang='lat' dir='ltr'>vel</span> <span class='ocrx_word' id='word_1_82' title='bbox 492 1239 594 1321; x_wconf 84' lang='lat' dir='ltr'>gravia</span> <span class='ocrx_word' id='word_1_83' title='bbox 609 1259 682 1300; x_wconf 88' lang='lat' dir='ltr'>auro</span> <span class='ocrx_word' id='word_1_84' title='bbox 696 1237 877 1320; x_wconf 91' lang='lat' dir='ltr'>templorum</span> <span class='ocrx_word' id='word_1_85' title='bbox 894 1236 984 1310; x_wconf 87' lang='lat' dir='ltr'>dona,</span> <span class='ocrx_word' id='word_1_86' title='bbox 1000 1237 1055 1300; x_wconf 89' lang='lat' dir='ltr'>sibi</span> <span class='ocrx_word' id='word_1_87' title='bbox 1070 1236 1156 1320; x_wconf 90' lang='lat' dir='ltr'>quis-</span> 
     </span>
     <span class='ocr_line' id='line_1_13' title="bbox 152 1321 1156 1410; baseline 0 -22"><span class='ocrx_word' id='word_1_88' title='bbox 152 1345 212 1409; x_wconf 84' lang='lat' dir='ltr'>que</span> <span class='ocrx_word' id='word_1_89' title='bbox 235 1325 367 1402; x_wconf 87' lang='lat' dir='ltr'>trahunt,</span> <span class='ocrx_word' id='word_1_90' title='bbox 392 1323 504 1410; x_wconf 88' lang='lat' dir='ltr'>majore</span> <span class='ocrx_word' id='word_1_91' title='bbox 531 1325 656 1388; x_wconf 81' lang='lat' dir='ltr'>alioruin</span> <span class='ocrx_word' id='word_1_92' title='bbox 687 1325 716 1386; x_wconf 87' lang='lat' dir='ltr'>vi</span> <span class='ocrx_word' id='word_1_93' title='bbox 746 1323 971 1387; x_wconf 88' lang='lat' dir='ltr'>truncabantur.</span> <span class='ocrx_word' id='word_1_94' title='bbox 1017 1321 1156 1396; x_wconf 84' lang='lat' dir='ltr'>Quidam</span> 
     </span>
    </p>
   </div>
   <div class='ocr_carea' id='block_1_3' title="bbox 152 1409 1237 1510">
    <p class='ocr_par' dir='ltr' id='par_1_4' title="bbox 152 1409 1237 1510">
     <span class='ocr_line' id='line_1_14' title="bbox 152 1409 1237 1510; baseline -0.003 -36"><span class='ocrx_word' id='word_1_95' title='bbox 152 1411 241 1474; x_wconf 90' lang='lat' dir='ltr'>obvia</span> <span class='ocrx_word' id='word_1_96' title='bbox 255 1412 417 1496; x_wconf 85' lang='lat' dir='ltr'>aspernati,</span> <span class='ocrx_word' id='word_1_97' title='bbox 435 1411 607 1477; x_wconf 84' lang='lat' dir='ltr'>verberibus</span> <span class='ocrx_word' id='word_1_98' title='bbox 622 1411 835 1510; x_wconf 78' lang='lat' dir='ltr'>tormentisque</span> <span class='ocrx_word' id='word_1_99' title='bbox 849 1409 1039 1472; x_wconf 88' lang='lat' dir='ltr'>dominorum</span> <span class='ocrx_word' id='word_1_100' title='bbox 1052 1409 1155 1472; x_wconf 85' lang='lat' dir='ltr'>abdita</span> <span class='ocrx_word' id='word_1_101' title='bbox 1236 1411 1237 1482; x_wconf 51' lang='grc' dir='ltr'>ζ</span> 
     </span>
    </p>
   </div>
   <div class='ocr_carea' id='block_1_4' title="bbox 148 1495 1158 1838">
    <p class='ocr_par' dir='ltr' id='par_1_5' title="bbox 148 1495 1158 1838">
     <span class='ocr_line' id='line_1_15' title="bbox 151 1495 1154 1580; baseline -0.004 -18"><span class='ocrx_word' id='word_1_102' title='bbox 151 1498 287 1574; x_wconf 86' lang='lat' dir='ltr'>serutari,</span> <span class='ocrx_word' id='word_1_103' title='bbox 314 1496 434 1562; x_wconf 80' lang='lat' dir='ltr'>defossa</span> <span class='ocrx_word' id='word_1_104' title='bbox 459 1515 577 1560; x_wconf 79' lang='lat' dir='ltr'>eruere.</span> <span class='ocrx_word' id='word_1_105' title='bbox 623 1495 722 1560; x_wconf 83' lang='lat' dir='ltr'>Faces</span> <span class='ocrx_word' id='word_1_106' title='bbox 744 1519 774 1560; x_wconf 84' lang='lat' dir='ltr'>an</span> <span class='ocrx_word' id='word_1_107' title='bbox 805 1497 960 1560; x_wconf 85' lang='lat' dir='ltr'>manibus:</span> <span class='ocrx_word' id='word_1_108' title='bbox 985 1517 1069 1580; x_wconf 82' lang='lat' dir='ltr'>quaa,</span> <span class='ocrx_word' id='word_1_109' title='bbox 1094 1495 1154 1558; x_wconf 87' lang='lat' dir='ltr'>ubi</span> 
     </span>
     <span class='ocr_line' id='line_1_16' title="bbox 152 1582 1158 1668; baseline -0.004 -20"><span class='ocrx_word' id='word_1_110' title='bbox 152 1584 283 1668; x_wconf 72' lang='lat' dir='ltr'>praedam</span> <span class='ocrx_word' id='word_1_111' title='bbox 300 1599 483 1666; x_wconf 83' lang='lat' dir='ltr'>egesserant,</span> <span class='ocrx_word' id='word_1_112' title='bbox 498 1585 527 1646; x_wconf 92' lang='lat' dir='ltr'>in</span> <span class='ocrx_word' id='word_1_113' title='bbox 545 1604 655 1646; x_wconf 87' lang='lat' dir='ltr'>vacuas</span> <span class='ocrx_word' id='word_1_114' title='bbox 669 1583 777 1647; x_wconf 85' lang='lat' dir='ltr'>domos</span> <span class='ocrx_word' id='word_1_115' title='bbox 798 1597 829 1647; x_wconf 91' lang='lat' dir='ltr'>et</span> <span class='ocrx_word' id='word_1_116' title='bbox 850 1583 949 1646; x_wconf 86' lang='lat' dir='ltr'>inania</span> <span class='ocrx_word' id='word_1_117' title='bbox 963 1582 1078 1665; x_wconf 89' lang='lat' dir='ltr'>templa</span> <span class='ocrx_word' id='word_1_118' title='bbox 1101 1601 1158 1665; x_wconf 88' lang='lat' dir='ltr'>per</span> 
     </span>
     <span class='ocr_line' id='line_1_17' title="bbox 151 1668 1157 1755; baseline -0.004 -21"><span class='ocrx_word' id='word_1_119' title='bbox 151 1669 306 1735; x_wconf 88' lang='lat' dir='ltr'>lasciviam</span> <span class='ocrx_word' id='word_1_120' title='bbox 325 1669 552 1755; x_wconf 87' lang='lat' dir='ltr'>jaculabantur:</span> <span class='ocrx_word' id='word_1_121' title='bbox 577 1683 670 1753; x_wconf 81' lang='lat' dir='ltr'>utque</span> <span class='ocrx_word' id='word_1_122' title='bbox 686 1669 835 1746; x_wconf 86' lang='lat' dir='ltr'>exercitu,</span> <span class='ocrx_word' id='word_1_123' title='bbox 851 1669 933 1732; x_wconf 86' lang='lat' dir='ltr'>vatio</span> <span class='ocrx_word' id='word_1_124' title='bbox 955 1668 1073 1749; x_wconf 86' lang='lat' dir='ltr'>linguis,</span> <span class='ocrx_word' id='word_1_125' title='bbox 1089 1689 1157 1730; x_wconf 86' lang='lat' dir='ltr'>rne-</span> 
     </span>
     <span class='ocr_line' id='line_1_18' title="bbox 148 1753 1155 1838; baseline -0.002 -18"><span class='ocrx_word' id='word_1_126' title='bbox 148 1757 241 1832; x_wconf 88' lang='lat' dir='ltr'>ribus,</span> <span class='ocrx_word' id='word_1_127' title='bbox 257 1758 306 1820; x_wconf 90' lang='lat' dir='ltr'>cui</span> <span class='ocrx_word' id='word_1_128' title='bbox 321 1758 415 1833; x_wconf 85' lang='lat' dir='ltr'>cives,</span> <span class='ocrx_word' id='word_1_129' title='bbox 425 1757 508 1832; x_wconf 89' lang='lat' dir='ltr'>socii,</span> <span class='ocrx_word' id='word_1_130' title='bbox 519 1757 636 1820; x_wconf 83' lang='lat' dir='ltr'>externi</span> <span class='ocrx_word' id='word_1_131' title='bbox 645 1757 837 1830; x_wconf 85' lang='lat' dir='ltr'>interessent,</span> <span class='ocrx_word' id='word_1_132' title='bbox 847 1755 972 1818; x_wconf 76' lang='lat' dir='ltr'>diverse</span> <span class='ocrx_word' id='word_1_133' title='bbox 984 1753 1155 1838; x_wconf 86' lang='lat' dir='ltr'>cupidines,</span> 
     </span>
    </p>
   </div>
   <div class='ocr_carea' id='block_1_5' title="bbox 153 1839 1237 1926">
    <p class='ocr_par' dir='ltr' id='par_1_6' title="bbox 153 1839 1237 1926">
     <span class='ocr_line' id='line_1_19' title="bbox 153 1839 1237 1926; baseline -0.006 -20"><span class='ocrx_word' id='word_1_134' title='bbox 153 1856 186 1906; x_wconf 88' lang='lat' dir='ltr'>et</span> <span class='ocrx_word' id='word_1_135' title='bbox 201 1843 280 1906; x_wconf 91' lang='lat' dir='ltr'>aliud</span> <span class='ocrx_word' id='word_1_136' title='bbox 304 1844 413 1926; x_wconf 87' lang='lat' dir='ltr'>cuique</span> <span class='ocrx_word' id='word_1_137' title='bbox 429 1841 483 1918; x_wconf 87' lang='lat' dir='ltr'>sas,</span> <span class='ocrx_word' id='word_1_138' title='bbox 504 1864 562 1906; x_wconf 84' lang='lat' dir='ltr'>nec</span> <span class='ocrx_word' id='word_1_139' title='bbox 584 1843 744 1926; x_wconf 88' lang='lat' dir='ltr'>quicquam</span> <span class='ocrx_word' id='word_1_140' title='bbox 768 1841 914 1904; x_wconf 84' lang='lat' dir='ltr'>illicitum.</span> <span class='ocrx_word' id='word_1_141' title='bbox 959 1839 1023 1903; x_wconf 90' lang='lat' dir='ltr'>Per</span> <span class='ocrx_word' id='word_1_142' title='bbox 1045 1843 1158 1924; x_wconf 86' lang='lat' dir='ltr'>quatri·</span> <span class='ocrx_word' id='word_1_143' title='bbox 1236 1853 1237 1866; x_wconf 64' lang='lat'>¹</span> 
     </span>
    </p>
   </div>
   <div class='ocr_carea' id='block_1_6' title="bbox 151 1925 1156 2442">
    <p class='ocr_par' dir='ltr' id='par_1_7' title="bbox 151 1925 1155 2174">
     <span class='ocr_line' id='line_1_20' title="bbox 152 1925 1152 2010; baseline 0 -20"><span class='ocrx_word' id='word_1_144' title='bbox 152 1927 244 1992; x_wconf 90' lang='lat' dir='ltr'>duum</span> <span class='ocrx_word' id='word_1_145' title='bbox 260 1926 417 1992; x_wconf 87' lang='lat' dir='ltr'>Cremona</span> <span class='ocrx_word' id='word_1_146' title='bbox 430 1928 561 1992; x_wconf 86' lang='lat' dir='ltr'>suffecit.</span> <span class='ocrx_word' id='word_1_147' title='bbox 606 1929 685 1991; x_wconf 85' lang='lat' dir='ltr'>Ciam</span> <span class='ocrx_word' id='word_1_148' title='bbox 701 1927 802 1990; x_wconf 87' lang='lat' dir='ltr'>otunia</span> <span class='ocrx_word' id='word_1_149' title='bbox 818 1947 904 1990; x_wconf 87' lang='lat' dir='ltr'>sacra</span> <span class='ocrx_word' id='word_1_150' title='bbox 920 1925 1105 2010; x_wconf 78' lang='lat' dir='ltr'>profanaque</span> <span class='ocrx_word' id='word_1_151' title='bbox 1120 1927 1152 1990; x_wconf 92' lang='lat' dir='ltr'>iu</span> 
     </span>
     <span class='ocr_line' id='line_1_21' title="bbox 151 2012 1155 2098; baseline 0 -22"><span class='ocrx_word' id='word_1_152' title='bbox 151 2014 221 2096; x_wconf 90' lang='lat' dir='ltr'>igne</span> <span class='ocrx_word' id='word_1_153' title='bbox 231 2014 434 2090; x_wconf 85' lang='lat' dir='ltr'>considerent,</span> <span class='ocrx_word' id='word_1_154' title='bbox 440 2015 537 2078; x_wconf 88' lang='lat' dir='ltr'>solum</span> <span class='ocrx_word' id='word_1_155' title='bbox 550 2014 694 2098; x_wconf 86' lang='lat' dir='ltr'>Mephitis</span> <span class='ocrx_word' id='word_1_156' title='bbox 704 2013 852 2097; x_wconf 88' lang='lat' dir='ltr'>templum</span> <span class='ocrx_word' id='word_1_157' title='bbox 863 2013 944 2078; x_wconf 89' lang='lat' dir='ltr'>stetit</span> <span class='ocrx_word' id='word_1_158' title='bbox 952 2029 1021 2077; x_wconf 84' lang='lat' dir='ltr'>ante</span> <span class='ocrx_word' id='word_1_159' title='bbox 1029 2012 1155 2090; x_wconf 72' lang='lat' dir='ltr'>maenia,</span> 
     </span>
     <span class='ocr_line' id='line_1_22' title="bbox 151 2099 637 2174; baseline 0 -12"><span class='ocrx_word' id='word_1_160' title='bbox 151 2099 231 2174; x_wconf 91' lang='lat' dir='ltr'>loco,</span> <span class='ocrx_word' id='word_1_161' title='bbox 246 2120 300 2163; x_wconf 85' lang='lat' dir='ltr'>seu</span> <span class='ocrx_word' id='word_1_162' title='bbox 317 2099 452 2164; x_wconf 86' lang='lat' dir='ltr'>Numine</span> <span class='ocrx_word' id='word_1_163' title='bbox 468 2099 637 2164; x_wconf 81' lang='lat' dir='ltr'>defensum.</span> 
     </span>
    </p>

    <p class='ocr_par' dir='ltr' id='par_1_8' title="bbox 151 2183 1156 2442">
     <span class='ocr_line' id='line_1_23' title="bbox 196 2183 1155 2264; baseline 0.002 -16"><span class='ocrx_word' id='word_1_164' title='bbox 196 2183 356 2248; x_wconf 86' lang='lat' dir='ltr'>XXXIV.</span> <span class='ocrx_word' id='word_1_165' title='bbox 381 2183 442 2250; x_wconf 90' lang='lat' dir='ltr'>Hic</span> <span class='ocrx_word' id='word_1_166' title='bbox 457 2187 558 2250; x_wconf 87' lang='lat' dir='ltr'>exitus</span> <span class='ocrx_word' id='word_1_167' title='bbox 573 2185 746 2264; x_wconf 80' lang='lat' dir='ltr'>Cremonae,</span> <span class='ocrx_word' id='word_1_168' title='bbox 758 2207 837 2250; x_wconf 92' lang='lat' dir='ltr'>anno</span> <span class='ocrx_word' id='word_1_169' title='bbox 848 2186 1057 2250; x_wconf 85' lang='lat' dir='ltr'>ducentesimo</span> <span class='ocrx_word' id='word_1_170' title='bbox 1068 2199 1155 2250; x_wconf 85' lang='lat' dir='ltr'>octo-</span> 
     </span>
     <span class='ocr_line' id='line_1_24' title="bbox 151 2271 1156 2356; baseline 0.001 -22"><span class='ocrx_word' id='word_1_171' title='bbox 151 2271 267 2355; x_wconf 86' lang='lat' dir='ltr'>gesimo</span> <span class='ocrx_word' id='word_1_172' title='bbox 282 2285 371 2334; x_wconf 84' lang='lat' dir='ltr'>sexto</span> <span class='ocrx_word' id='word_1_173' title='bbox 386 2293 403 2334; x_wconf 91' lang='lat' dir='ltr'>a</span> <span class='ocrx_word' id='word_1_174' title='bbox 420 2273 581 2356; x_wconf 90' lang='lat' dir='ltr'>primordio</span> <span class='ocrx_word' id='word_1_175' title='bbox 595 2273 651 2336; x_wconf 91' lang='lat' dir='ltr'>sui.</span> <span class='ocrx_word' id='word_1_176' title='bbox 697 2271 829 2336; x_wconf 89' lang='lat' dir='ltr'>Condita</span> <span class='ocrx_word' id='word_1_177' title='bbox 844 2289 908 2337; x_wconf 86' lang='lat' dir='ltr'>erat</span> <span class='ocrx_word' id='word_1_178' title='bbox 922 2271 1048 2336; x_wconf 88' lang='lat' dir='ltr'>Tiberio</span> <span class='ocrx_word' id='word_1_179' title='bbox 1065 2272 1156 2335; x_wconf 86' lang='lat' dir='ltr'>Sem-</span> 
     </span>
     <span class='ocr_line' id='line_1_25' title="bbox 152 2357 1154 2442; baseline 0 -21"><span class='ocrx_word' id='word_1_180' title='bbox 152 2358 258 2442; x_wconf 74' lang='grc'><strong>010010</strong></span> <span class='ocrx_word' id='word_1_181' title='bbox 276 2372 307 2422; x_wconf 86' lang='lat' dir='ltr'>ct</span> <span class='ocrx_word' id='word_1_182' title='bbox 322 2357 468 2422; x_wconf 87' lang='lat' dir='ltr'>Cornelio</span> <span class='ocrx_word' id='word_1_183' title='bbox 490 2359 685 2435; x_wconf 87' lang='lat' dir='ltr'>Consulibus,</span> <span class='ocrx_word' id='word_1_184' title='bbox 702 2359 859 2441; x_wconf 85' lang='lat' dir='ltr'>ingruente</span> <span class='ocrx_word' id='word_1_185' title='bbox 882 2360 911 2424; x_wconf 92' lang='lat' dir='ltr'>in</span> <span class='ocrx_word' id='word_1_186' title='bbox 928 2358 1046 2422; x_wconf 84' lang='lat' dir='ltr'>ltaliam</span> <span class='ocrx_word' id='word_1_187' title='bbox 1066 2357 1154 2422; x_wconf 82' lang='lat' dir='ltr'>Han-</span> 
     </span>
    </p>
   </div>
   <div class='ocr_carea' id='block_1_7' title="bbox 150 2443 1237 2530">
    <p class='ocr_par' dir='ltr' id='par_1_9' title="bbox 150 2443 1237 2530">
     <span class='ocr_line' id='line_1_26' title="bbox 150 2443 1237 2530; baseline 0 -22"><span class='ocrx_word' id='word_1_188' title='bbox 150 2444 262 2521; x_wconf 90' lang='lat' dir='ltr'>nibale,</span> <span class='ocrx_word' id='word_1_189' title='bbox 294 2447 551 2530; x_wconf 79' lang='lat' dir='ltr'>propugnaculum</span> <span class='ocrx_word' id='word_1_190' title='bbox 589 2446 732 2508; x_wconf 80' lang='lat' dir='ltr'>adversus</span> <span class='ocrx_word' id='word_1_191' title='bbox 769 2443 885 2522; x_wconf 87' lang='lat' dir='ltr'>Gallos,</span> <span class='ocrx_word' id='word_1_192' title='bbox 915 2461 995 2510; x_wconf 87' lang='lat' dir='ltr'>trans</span> <span class='ocrx_word' id='word_1_193' title='bbox 1032 2445 1153 2508; x_wconf 90' lang='lat' dir='ltr'>Padum</span> <span class='ocrx_word' id='word_1_194' title='bbox 1236 2501 1237 2520; x_wconf 68' lang='grc'><strong>,</strong></span> 
     </span>
    </p>
   </div>
   <div class='ocr_carea' id='block_1_8' title="bbox 147 2531 1154 3834">
    <p class='ocr_par' dir='ltr' id='par_1_10' title="bbox 147 2531 1154 3834">
     <span class='ocr_line' id='line_1_27' title="bbox 151 2531 1154 2616; baseline 0 -22"><span class='ocrx_word' id='word_1_195' title='bbox 151 2546 286 2614; x_wconf 88' lang='lat' dir='ltr'>agentes,</span> <span class='ocrx_word' id='word_1_196' title='bbox 302 2546 333 2595; x_wconf 84' lang='lat' dir='ltr'>et</span> <span class='ocrx_word' id='word_1_197' title='bbox 348 2533 373 2596; x_wconf 87' lang='lat' dir='ltr'>ai</span> <span class='ocrx_word' id='word_1_198' title='bbox 388 2554 448 2616; x_wconf 89' lang='lat' dir='ltr'>qua</span> <span class='ocrx_word' id='word_1_199' title='bbox 463 2533 518 2596; x_wconf 87' lang='lat' dir='ltr'>alia</span> <span class='ocrx_word' id='word_1_200' title='bbox 532 2532 575 2594; x_wconf 89' lang='lat' dir='ltr'>vis</span> <span class='ocrx_word' id='word_1_201' title='bbox 591 2553 644 2616; x_wconf 91' lang='lat' dir='ltr'>per</span> <span class='ocrx_word' id='word_1_202' title='bbox 653 2532 748 2616; x_wconf 86' lang='lat' dir='ltr'>Alpes</span> <span class='ocrx_word' id='word_1_203' title='bbox 763 2546 874 2596; x_wconf 88' lang='lat' dir='ltr'>rueret.</span> <span class='ocrx_word' id='word_1_204' title='bbox 918 2531 1012 2616; x_wconf 84' lang='lat' dir='ltr'>lgitur</span> <span class='ocrx_word' id='word_1_205' title='bbox 1026 2553 1154 2598; x_wconf 87' lang='lat' dir='ltr'>numero</span> 
     </span>
     <span class='ocr_line' id='line_1_28' title="bbox 149 2617 1153 2703; baseline 0 -21"><span class='ocrx_word' id='word_1_206' title='bbox 149 2617 338 2695; x_wconf 89' lang='lat' dir='ltr'>colonorum,</span> <span class='ocrx_word' id='word_1_207' title='bbox 358 2619 583 2703; x_wconf 82' lang='lat' dir='ltr'>opportunitate</span> <span class='ocrx_word' id='word_1_208' title='bbox 610 2618 779 2696; x_wconf 86' lang='lat' dir='ltr'>dominum,</span> <span class='ocrx_word' id='word_1_209' title='bbox 803 2619 896 2682; x_wconf 89' lang='lat' dir='ltr'>ubere</span> <span class='ocrx_word' id='word_1_210' title='bbox 926 2620 998 2701; x_wconf 85' lang='lat' dir='ltr'>agri,</span> <span class='ocrx_word' id='word_1_211' title='bbox 1030 2639 1153 2682; x_wconf 83' lang='lat' dir='ltr'>annexu</span> 
     </span>
     <span class='ocr_line' id='line_1_29' title="bbox 150 2705 1154 2790; baseline -0.002 -20"><span class='ocrx_word' id='word_1_212' title='bbox 150 2705 368 2790; x_wconf 84' lang='lat' dir='ltr'>connubiisque</span> <span class='ocrx_word' id='word_1_213' title='bbox 391 2706 535 2786; x_wconf 87' lang='lat' dir='ltr'>gentium,</span> <span class='ocrx_word' id='word_1_214' title='bbox 559 2705 691 2770; x_wconf 88' lang='lat' dir='ltr'>adolevit</span> <span class='ocrx_word' id='word_1_215' title='bbox 712 2705 883 2790; x_wconf 87' lang='lat' dir='ltr'>floruitque,</span> <span class='ocrx_word' id='word_1_216' title='bbox 910 2705 996 2769; x_wconf 88' lang='lat' dir='ltr'>bellis</span> <span class='ocrx_word' id='word_1_217' title='bbox 1020 2705 1154 2770; x_wconf 84' lang='lat' dir='ltr'>externis</span> 
     </span>
     <span class='ocr_line' id='line_1_30' title="bbox 152 2791 1153 2876; baseline -0.003 -19"><span class='ocrx_word' id='word_1_218' title='bbox 152 2792 284 2868; x_wconf 84' lang='lat' dir='ltr'>intacta;</span> <span class='ocrx_word' id='word_1_219' title='bbox 307 2792 445 2855; x_wconf 90' lang='lat' dir='ltr'>civilibus</span> <span class='ocrx_word' id='word_1_220' title='bbox 470 2791 586 2855; x_wconf 78' lang='lat' dir='ltr'>infelix.</span> <span class='ocrx_word' id='word_1_221' title='bbox 632 2793 795 2868; x_wconf 85' lang='lat' dir='ltr'>Antonius,</span> <span class='ocrx_word' id='word_1_222' title='bbox 812 2793 927 2876; x_wconf 87' lang='lat' dir='ltr'>pudore</span> <span class='ocrx_word' id='word_1_223' title='bbox 947 2791 1062 2874; x_wconf 85' lang='lat' dir='ltr'>flagitii,</span> <span class='ocrx_word' id='word_1_224' title='bbox 1085 2813 1153 2856; x_wconf 86' lang='lat' dir='ltr'>cte-</span> 
     </span>
     <span class='ocr_line' id='line_1_31' title="bbox 151 2876 1154 2963; baseline -0.001 -21"><span class='ocrx_word' id='word_1_225' title='bbox 151 2877 311 2942; x_wconf 82' lang='lat' dir='ltr'>broscente</span> <span class='ocrx_word' id='word_1_226' title='bbox 334 2876 456 2955; x_wconf 69' lang='lat' dir='ltr'>invidiis,</span> <span class='ocrx_word' id='word_1_227' title='bbox 477 2878 581 2955; x_wconf 83' lang='lat' dir='ltr'>edixit,</span> <span class='ocrx_word' id='word_1_228' title='bbox 598 2884 655 2942; x_wconf 89' lang='lat' dir='ltr'>‘ne</span> <span class='ocrx_word' id='word_1_229' title='bbox 680 2879 746 2963; x_wconf 90' lang='lat' dir='ltr'>quis</span> <span class='ocrx_word' id='word_1_230' title='bbox 768 2877 994 2942; x_wconf 83' lang='lat' dir='ltr'>Cremonenses</span> <span class='ocrx_word' id='word_1_231' title='bbox 1018 2879 1154 2963; x_wconf 85' lang='lat' dir='ltr'>captivos</span> 
     </span>
     <span class='ocr_line' id='line_1_32' title="bbox 151 2965 1154 3050; baseline 0 -22"><span class='ocrx_word' id='word_1_232' title='bbox 151 2965 300 3030; x_wconf 87' lang='lat' dir='ltr'>detineret</span> <span class='ocrx_word' id='word_1_233' title='bbox 309 2965 328 3028; x_wconf 83' lang='lat'>:¹</span> <span class='ocrx_word' id='word_1_234' title='bbox 352 2965 525 3049; x_wconf 87' lang='lat' dir='ltr'>irritamque</span> <span class='ocrx_word' id='word_1_235' title='bbox 537 2965 667 3050; x_wconf 77' lang='lat' dir='ltr'>predam</span> <span class='ocrx_word' id='word_1_236' title='bbox 680 2965 823 3029; x_wconf 86' lang='lat' dir='ltr'>militibus</span> <span class='ocrx_word' id='word_1_237' title='bbox 833 2966 978 3028; x_wconf 85' lang='lat' dir='ltr'>effecerat</span> <span class='ocrx_word' id='word_1_238' title='bbox 987 2985 1154 3028; x_wconf 84' lang='lat' dir='ltr'>consensus</span> 
     </span>
     <span class='ocr_line' id='line_1_33' title="bbox 151 3049 1153 3136; baseline -0.002 -20"><span class='ocrx_word' id='word_1_239' title='bbox 151 3050 256 3130; x_wconf 79' lang='lat' dir='ltr'>ltalia,</span> <span class='ocrx_word' id='word_1_240' title='bbox 269 3052 431 3118; x_wconf 88' lang='lat' dir='ltr'>emtionem</span> <span class='ocrx_word' id='word_1_241' title='bbox 447 3054 551 3116; x_wconf 91' lang='lat' dir='ltr'>talium</span> <span class='ocrx_word' id='word_1_242' title='bbox 568 3053 784 3136; x_wconf 84' lang='lat' dir='ltr'>mancipiorum</span> <span class='ocrx_word' id='word_1_243' title='bbox 801 3052 998 3135; x_wconf 88' lang='lat' dir='ltr'>aspernantis.</span> <span class='ocrx_word' id='word_1_244' title='bbox 1044 3049 1153 3114; x_wconf 91' lang='lat' dir='ltr'>Occidi</span> 
     </span>
     <span class='ocr_line' id='line_1_34' title="bbox 150 3139 1153 3223; baseline -0.004 -19"><span class='ocrx_word' id='word_1_245' title='bbox 150 3139 296 3222; x_wconf 73' lang='lat' dir='ltr'>coepbrc:</span> <span class='ocrx_word' id='word_1_246' title='bbox 321 3139 401 3223; x_wconf 85' lang='lat' dir='ltr'>qnod</span> <span class='ocrx_word' id='word_1_247' title='bbox 424 3139 474 3202; x_wconf 90' lang='lat' dir='ltr'>ubi</span> <span class='ocrx_word' id='word_1_248' title='bbox 497 3139 657 3215; x_wconf 88' lang='lat' dir='ltr'>enotuit‚a</span> <span class='ocrx_word' id='word_1_249' title='bbox 681 3139 854 3222; x_wconf 86' lang='lat' dir='ltr'>propinquis</span> <span class='ocrx_word' id='word_1_250' title='bbox 876 3139 1076 3222; x_wconf 87' lang='lat' dir='ltr'>affinibusque</span> <span class='ocrx_word' id='word_1_251' title='bbox 1101 3157 1153 3200; x_wconf 91' lang='lat' dir='ltr'>oc-</span> 
     </span>
     <span class='ocr_line' id='line_1_35' title="bbox 147 3223 1153 3309; baseline -0.004 -19"><span class='ocrx_word' id='word_1_252' title='bbox 147 3226 232 3290; x_wconf 76' lang='lat' dir='ltr'>culte</span> <span class='ocrx_word' id='word_1_253' title='bbox 248 3225 514 3290; x_wconf 89' lang='lat' dir='ltr'>redemtabantur:</span> <span class='ocrx_word' id='word_1_254' title='bbox 535 3245 610 3288; x_wconf 87' lang='lat' dir='ltr'>mox</span> <span class='ocrx_word' id='word_1_255' title='bbox 636 3226 722 3290; x_wconf 84' lang='lat' dir='ltr'>rediit</span> <span class='ocrx_word' id='word_1_256' title='bbox 743 3223 928 3288; x_wconf 87' lang='lat' dir='ltr'>Cremonam</span> <span class='ocrx_word' id='word_1_257' title='bbox 950 3225 1083 3309; x_wconf 89' lang='lat' dir='ltr'>reliquus</span> <span class='ocrx_word' id='word_1_258' title='bbox 1100 3245 1153 3306; x_wconf 91' lang='lat' dir='ltr'>po-</span> 
     </span>
     <span class='ocr_line' id='line_1_36' title="bbox 152 3309 1150 3398; baseline -0.003 -23"><span class='ocrx_word' id='word_1_259' title='bbox 152 3312 260 3398; x_wconf 91' lang='lat' dir='ltr'>pulus:</span> <span class='ocrx_word' id='word_1_260' title='bbox 285 3311 415 3394; x_wconf 87' lang='lat' dir='ltr'>reposita</span> <span class='ocrx_word' id='word_1_261' title='bbox 439 3309 501 3374; x_wconf 85' lang='lat' dir='ltr'>sora</span> <span class='ocrx_word' id='word_1_262' title='bbox 523 3312 696 3396; x_wconf 88' lang='lat' dir='ltr'>templaque</span> <span class='ocrx_word' id='word_1_263' title='bbox 710 3309 925 3386; x_wconf 64' lang='lat' dir='ltr'>⁴munificentiis</span> <span class='ocrx_word' id='word_1_264' title='bbox 947 3312 1150 3394; x_wconf 89' lang='lat' dir='ltr'>municipum:</span> 
     </span>
     <span class='ocr_line' id='line_1_37' title="bbox 152 3393 1111 3462; baseline -0.005 0"><span class='ocrx_word' id='word_1_265' title='bbox 152 3413 184 3462; x_wconf 89' lang='lat' dir='ltr'>et</span> <span class='ocrx_word' id='word_1_266' title='bbox 202 3396 266 3460; x_wconf 90' lang='lat' dir='ltr'>Ves</span> <span class='ocrx_word' id='word_1_267' title='bbox 285 3393 409 3462; x_wconf 58' lang='lat' dir='ltr'>&#39;asianus</span> <span class='ocrx_word' id='word_1_268' title='bbox 424 3397 607 3462; x_wconf 91' lang='lat' dir='ltr'>hortabatur.</span> <span class='ocrx_word' id='word_1_269' title='bbox 1107 3405 1111 3408; x_wconf 83' lang='grc'><strong><em>’</em></strong></span> 
     </span>
     <span class='ocr_line' id='line_1_38' title="bbox 195 3419 1153 3568; baseline -0.004 -18"><span class='ocrx_word' id='word_1_270' title='bbox 195 3419 341 3550; x_wconf 81' lang='lat' dir='ltr'>XXXV.</span> <span class='ocrx_word' id='word_1_271' title='bbox 364 3482 512 3549; x_wconf 78' lang='lat' dir='ltr'>Ceterum</span> <span class='ocrx_word' id='word_1_272' title='bbox 535 3485 667 3559; x_wconf 86' lang='lat' dir='ltr'>assidere</span> <span class='ocrx_word' id='word_1_273' title='bbox 690 3485 814 3568; x_wconf 72' lang='lat' dir='ltr'>sepulte</span> <span class='ocrx_word' id='word_1_274' title='bbox 837 3484 916 3548; x_wconf 86' lang='lat' dir='ltr'>urbis</span> <span class='ocrx_word' id='word_1_275' title='bbox 939 3484 1042 3560; x_wconf 84' lang='lat' dir='ltr'>minis,</span> <span class='ocrx_word' id='word_1_276' title='bbox 1063 3483 1153 3546; x_wconf 80' lang='lat' dir='ltr'>noxia</span> 
     </span>
     <span class='ocr_line' id='line_1_39' title="bbox 152 3570 1152 3655; baseline -0.004 -19"><span class='ocrx_word' id='word_1_277' title='bbox 152 3572 223 3636; x_wconf 91' lang='lat' dir='ltr'>tabo</span> <span class='ocrx_word' id='word_1_278' title='bbox 239 3573 349 3634; x_wconf 87' lang='lat' dir='ltr'>humus</span> <span class='ocrx_word' id='word_1_279' title='bbox 371 3571 452 3634; x_wconf 88' lang='lat' dir='ltr'>haud</span> <span class='ocrx_word' id='word_1_280' title='bbox 474 3572 525 3634; x_wconf 92' lang='lat' dir='ltr'>diu</span> <span class='ocrx_word' id='word_1_281' title='bbox 549 3571 704 3655; x_wconf 72' lang='grc' dir='ltr'>001·101311;Ι</span> <span class='ocrx_word' id='word_1_282' title='bbox 726 3571 764 3633; x_wconf 88' lang='lat' dir='ltr'>ad</span> <span class='ocrx_word' id='word_1_283' title='bbox 787 3571 906 3634; x_wconf 89' lang='lat' dir='ltr'>tertium</span> <span class='ocrx_word' id='word_1_284' title='bbox 929 3570 1061 3654; x_wconf 91' lang='lat' dir='ltr'>lapidem</span> <span class='ocrx_word' id='word_1_285' title='bbox 1087 3591 1152 3653; x_wconf 90' lang='lat' dir='ltr'>pro·</span> 
     </span>
     <span class='ocr_line' id='line_1_40' title="bbox 152 3654 1151 3742; baseline -0.004 -20"><span class='ocrx_word' id='word_1_286' title='bbox 152 3659 257 3740; x_wconf 86' lang='lat' dir='ltr'>gressi,</span> <span class='ocrx_word' id='word_1_287' title='bbox 273 3678 366 3738; x_wconf 88' lang='lat' dir='ltr'>vagos</span> <span class='ocrx_word' id='word_1_288' title='bbox 387 3674 593 3742; x_wconf 85' lang='lat' dir='ltr'>paventesque</span> <span class='ocrx_word' id='word_1_289' title='bbox 614 3655 804 3733; x_wconf 85' lang='lat' dir='ltr'>Vitellianos,</span> <span class='ocrx_word' id='word_1_290' title='bbox 827 3679 881 3720; x_wconf 88' lang='lat' dir='ltr'>sua</span> <span class='ocrx_word' id='word_1_291' title='bbox 904 3678 1057 3741; x_wconf 88' lang='lat' dir='ltr'>quemque</span> <span class='ocrx_word' id='word_1_292' title='bbox 1071 3654 1151 3738; x_wconf 87' lang='lat' dir='ltr'>apud</span> 
     </span>
     <span class='ocr_line' id='line_1_41' title="bbox 150 3742 1152 3834; baseline -0.003 -24"><span class='ocrx_word' id='word_1_293' title='bbox 150 3745 247 3834; x_wconf 85' lang='lat' dir='ltr'>aigna,</span> <span class='ocrx_word' id='word_1_294' title='bbox 262 3759 459 3831; x_wconf 89' lang='lat' dir='ltr'>componunt.</span> <span class='ocrx_word' id='word_1_295' title='bbox 504 3743 548 3810; x_wconf 83' lang='lat' dir='ltr'>Et</span> <span class='ocrx_word' id='word_1_296' title='bbox 564 3743 649 3810; x_wconf 78' lang='lat' dir='ltr'>victe</span> <span class='ocrx_word' id='word_1_297' title='bbox 671 3743 816 3828; x_wconf 81' lang='lat' dir='ltr'>legiones,</span> <span class='ocrx_word' id='word_1_298' title='bbox 832 3763 882 3822; x_wconf 90' lang='lat' dir='ltr'>ne,</span> <span class='ocrx_word' id='word_1_299' title='bbox 897 3759 1039 3810; x_wconf 87' lang='lat' dir='ltr'>manente</span> <span class='ocrx_word' id='word_1_300' title='bbox 1054 3742 1152 3807; x_wconf 83' lang='lat' dir='ltr'>adbuc</span> 
     </span>
    </p>
   </div>
   <div class='ocr_carea' id='block_1_9' title="bbox 0 0 1258 4254">
    <p class='ocr_par' dir='ltr' id='par_1_11' title="bbox 0 0 1258 4254">
     <span class='ocr_line' id='line_1_42' title="bbox 0 0 1258 4254; baseline 0 0"><span class='ocrx_word' id='word_1_301' title='bbox 0 0 1258 4254; x_wconf 95' lang='lat' dir='ltr'> </span> 
     </span>
    </p>
   </div>
  </div>
 </body>
</html>
