2508 4254
117 201 181 264 reo
442 194 484 262 o.
506 194 615 260 eon.
636 193 764 260 utem
913 198 970 280 [Δ.
985 182 1144 262 usn

117 365 296 516 meoque
308 359 480 444 nauseae,
504 373 538 424 et
562 381 582 424 a
603 360 737 445 partibas
751 357 868 425 vtoetffi
884 363 1027 426 amolita
1041 363 1144 426 vide-

192 472 217 514 r.

163 533 322 602 LXXVI.
344 533 458 600 lisdem
473 531 582 598 diebus
596 531 637 596 L.
648 532 801 610 Vitellius,
817 535 922 618 positis
933 535 1015 620 apud
1030 535 1144 600 Feru-

120 625 202 690 niam
228 623 344 698 castris,
367 621 489 684 excidio
510 618 683 685 Tarracina
705 621 905 684 imminebat:
932 623 1044 686 clausis
1067 623 1145 686 illie

121 710 335 794 gladiatoribus
354 707 590 792 remigibusque,
612 708 663 792 qui
686 730 746 770 non
762 709 867 790 egredi
881 710 1005 784 maenia,
1027 731 1143 794 neque

122 796 289 883 periculum
305 796 335 858 in
350 811 457 880 aperto
477 794 641 858 audebant.
686 793 831 871 Praeerat,
853 810 887 858 ut
906 796 999 879 supri
1012 818 1146 860 merno-

123 884 266 959 ravimus,
280 880 421 946 Julianus
432 881 658 965 gladiatoribus,
670 881 855 965 Apollinaris
865 883 1047 965 remigibus:
1070 883 1144 948 las-

124 969 204 1034 civib
217 967 415 1053 socordiaque
431 968 630 1050 gladiatorum
643 965 747 1050 magis,
764 968 854 1052 quim
866 967 992 1032 Ducum
1006 970 1143 1046 similes,

125 1079 185 1122 non
203 1055 318 1138 vigilias
333 1075 435 1138 agere,
457 1076 518 1118 non
533 1054 630 1118 intuta
645 1055 791 1118 moenium
807 1055 938 1132 firmare,
958 1071 1052 1120 noctu
1067 1056 1144 1120 die-

125 1163 185 1228 que
200 1141 276 1206 fluxi
299 1157 332 1206 et
352 1161 474 1204 amoena
488 1141 622 1204 littorum
646 1156 854 1225 personantes,
878 1142 910 1204 in
933 1142 1142 1206 ministerium
1216 1179 1217 1208 1

125 1228 216 1294 luxds
232 1227 374 1312 dispersis
390 1227 544 1304 militibus,
559 1229 599 1292 de
614 1228 696 1292 bello
711 1227 827 1292 tantirm
842 1229 920 1292 inter
932 1231 1073 1292 convivia
1088 1230 1143 1294 lo-
1216 1235 1217 1308 ζ

149 1316 308 1380 nebantur.
353 1313 474 1378 Paucos
500 1313 570 1379 amb
592 1314 658 1378 dies
683 1315 863 1379 discesserat
884 1317 1015 1400 Apinius
1034 1315 1142 1380 Trrna

127 1339 274 1487 donisque
297 1422 333 1466 ac
360 1401 496 1486 pecuniis
511 1401 621 1465 acerbe
648 1423 704 1484 per
724 1402 888 1486 municipia
908 1402 1141 1488 conquirendis,
1195 1401 1201 1416 ⁴

127 1489 196 1576 plus
211 1487 329 1552 invidie
346 1487 436 1574 quim
453 1487 558 1552 virium
596 1489 709 1552 artibus
729 1488 871 1552 addebat.

173 1573 346 1641 LXXVII.
371 1573 494 1640 lnterim
515 1575 553 1638 ad
568 1510 609 1638 L.
624 1572 782 1638 Vitellium
797 1596 903 1640 servus
919 1573 1055 1660 Verginii
1070 1573 1143 1640 Ca-
1195 1543 1217 1592 '⁴

131 1663 242 1749 pitonis
257 1660 395 1747 perfugit,
412 1661 634 1746 pollicitusque,
657 1662 703 1724 ‘si
719 1662 888 1746 presidium
903 1663 1066 1746 acciperet,
1082 1683 1142 1726 ra·
1159 1681 1164 1692 ·
1216 1711 1217 1724 .

131 1771 220 1815 ciram
232 1770 332 1814 arcem
344 1748 418 1813 tradi
432 1747 585 1826 lutumm,’
598 1747 696 1812 multia
706 1763 797 1812 nocte
811 1750 953 1813 cobortes
963 1749 1141 1832 expeditas,

130 1835 425 1986 surpmisdmogppum
443 1834 536 1936 jugis,
562 1855 653 1940 super
675 1850 768 1984 οἶμαι
793 1835 923 1984 bostiupp
942 1836 1038 1957 ⁸³⁸¹lf
1062 1835 1139 1898 inde

131 1941 363 2084 dtinetsiriernien,
375 1942 431 2072 illl
441 1942 708 2093 [drinidbilblieldteb
723 1938 1037 2093 elbbnobldameiblmrdldo
1050 1937 1141 2072 dibi:
1210 2035 1217 2102 j

130 2111 194 2162 toa:
217 2093 288 2158 ciam
304 2094 446 2172 tenebris,
463 2115 586 2180 pavore,
602 2093 700 2160 sonitu
721 2095 871 2172 tubarum,
885 2095 1018 2158 clamore
1034 2095 1139 2158 hostili

131 2181 331 2246 turbarentur.
377 2179 473 2246 Peuci
497 2181 694 2266 gladiatorum
718 2182 902 2259 resistentes,
928 2203 1027 2266 neque
1049 2181 1139 2246 inulti

130 2267 288 2336 necidbre:
312 2268 406 2332 ceteri
430 2267 467 2332 ad
486 2289 579 2332 naves
595 2268 732 2344 ruebant,
757 2267 807 2331 ubi
828 2284 939 2332 cuncta
953 2269 1018 2353 pari
1033 2267 1139 2332 sormi·
1216 2267 1217 2270 ’

132 2355 202 2420 dine
215 2354 453 2438 implicabantur,
464 2355 620 2438 permixtis
657 2354 1138 2440 aganis,quosnullodiscrimine

131 2440 286 2506 Vitelliani
312 2440 512 2504 trucidabant.
558 2377 808 2506 SexLiburnicc
833 2442 911 2506 inter
937 2441 1066 2525 primum
1088 2456 1138 2504 tu·

133 2527 262 2592 multum
278 2525 413 2604 evasere,
437 2527 465 2590 in
481 2525 549 2612 quis
564 2526 729 2592 Praefectus
744 2528 846 2592 classis
862 2528 1064 2611 Apollinaris:
1087 2548 1138 2590 re-
1200 2603 1202 2609 Ι

133 2615 221 2701 lique
248 2617 277 2678 in
300 2611 398 2678 littore
412 2628 520 2697 capte,
546 2627 597 2678 aut
621 2614 712 2678 nimio
736 2616 885 2678 ruentium
909 2635 1002 2678 onere
1018 2635 1137 2697 pressas

134 2721 217 2766 mare
237 2699 346 2764 hausit.
390 2697 529 2764 Julianus
543 2700 581 2763 ad
597 2699 638 2764 L.
651 2697 807 2764 Vitellium
823 2702 998 2782 perductus,
1021 2715 1052 2764 et
1068 2722 1137 2764 ver·

135 2787 255 2852 beribus
271 2785 411 2864 loedatus,
421 2787 450 2850 in
466 2807 518 2850 ore
530 2785 594 2872 ejus
605 2786 771 2872 jugulatur.
817 2786 930 2865 Fuere,
942 2788 993 2872 qui
1008 2809 1136 2850 uxorem
1216 2871 1217 2874 Ἴ

134 2873 175 2940 L.
193 2872 308 2939 Vitellii
322 2866 471 2938 Triariam
494 2873 690 2950 incesserent,
712 2890 856 2958 tanquam
880 2875 999 2954 ‘gladio
1019 2874 1137 2938 militari
1216 2877 1217 2918 Τ

133 2963 243 3040 cincta,
267 2962 344 3026 inter
366 2961 480 3034 luctum
495 2960 659 3045 cladesque
678 2975 858 3044 expugnata
880 2961 1063 3038 Tarracina,
1085 2982 1137 3024 sn·
1216 2967 1217 2976 ’

134 3048 227 3136 perbe
243 3047 384 3134 seneque
400 3046 534 3129 egisset'
580 3046 650 3132 lpse
673 3047 805 3112 lauream
826 3063 918 3128 gestae
935 3047 1136 3132 prosperrimi
1216 3083 1217 3086 =

133 3137 171 3201 ad
188 3136 307 3202 fratrem
323 3135 420 3200 misit:
445 3149 668 3220 percunctatus,
685 3135 805 3198 ‘statim
822 3135 938 3218 regredi
953 3157 998 3212 sc,
1014 3156 1051 3198 an
1069 3155 1136 3218 per·

135 3222 292 3288 domanda
308 3219 485 3304 Campaniae
497 3221 631 3286 insistere
641 3220 786 3307 juberet.'
823 3221 916 3297 Quod
932 3222 1061 3285 salutare
1076 3242 1134 3284 non
1216 3243 1217 3258 .

137 3307 227 3374 modb
251 3307 382 3393 pertibus
396 3305 585 3392 Vespasiani,
610 3308 663 3372 sed
691 3307 880 3394 Reipublicae
901 3308 974 3372 luit:
1005 3329 1086 3384 nam,
1111 3308 1136 3372 si

136 3415 243 3460 recens
260 3391 382 3458 victoria
397 3394 494 3472 miles,
510 3410 552 3472 et,
567 3417 659 3478 super
674 3395 791 3459 insitam
805 3395 1014 3479 pervicaciam,
1030 3417 1137 3458 secun·
1216 3455 1217 3458 ,

135 3483 181 3548 dis
202 3479 298 3557 seror,
316 3478 447 3544 Romam
464 3483 669 3546 contendisset
681 3506 691 3563 ;
714 3483 793 3546 haud
820 3481 915 3566 parii
937 3481 1016 3546 mole
1042 3497 1136 3546 certa·

136 3583 211 3646 tunt,
224 3589 282 3632 nec
296 3567 360 3632 sine
376 3567 470 3632 exitio
481 3569 572 3646 urbis,
586 3568 676 3634 soret:
701 3570 814 3655 quippe
831 3569 870 3634 L.
885 3568 1020 3646 Vitellio,
1033 3591 1136 3654 quam·

137 3657 181 3720 vis
197 3653 310 3732 infami,
334 3653 428 3718 inerat
444 3651 604 3720 industria:
636 3678 694 3720 nec
719 3657 885 3736 virtutibuS,
905 3673 939 3722 ut
965 3657 1046 3735 boni,
1073 3655 1135 3732 sed,

135 3743 301 3830 quomodo
318 3742 464 3828 pessimus
481 3744 618 3829 quisque,
636 3744 712 3808 vitiis
731 3744 860 3808 valebat.
