2508 4254
107 206 171 270 118
444 205 487 270 C.
511 203 619 270 Gonu.
642 203 766 270 Tacent
892 204 948 288 [A.
965 201 1104 268 ΗΒΕ.

105 370 158 435 sed
181 369 322 435 custodes
346 391 363 433 a
382 367 507 434 Vitellio
530 369 633 447 additi,
657 389 828 454 quanquam
854 389 887 431 se
913 369 1011 432 socios
1027 368 1106 454 lugae

128 459 321 534 remitterent,
345 471 485 541 tanquam
502 457 673 520 insidiantes
695 457 885 519 timebantur.
921 457 1022 540 Atque
1038 457 1106 539 ipse

105 479 256 620 l'itellius,
276 559 415 628 respectu
431 564 550 606 suarum
567 542 830 619 necessitudinum,
855 541 927 604 nihil
950 543 979 605 in
996 541 1108 605 Domi·

37 631 43 638 ’
105 629 218 694 tianum
235 645 321 692 atrox
339 629 471 713 parebat.

148 715 222 778 LX.
246 715 350 778 Duces
367 716 494 799 partium
518 729 551 778 ut
574 713 717 778 Carsulas
732 713 854 790 venere,
876 735 988 798 paucos
1004 715 1040 777 ad
1058 735 1107 777 re-

106 802 206 886 quiem
223 801 286 865 dies
302 817 433 878 sumunt,
449 802 546 864 donec
567 802 671 886 aquila
694 801 837 884 signaque
855 801 1007 882 legionum
1023 821 1105 864 asse-

107 904 285 972 querentur:
310 903 340 951 et
355 887 439 950 locus
454 889 518 971 ipse
533 902 696 951 castrorum
715 887 864 969 placebat,
885 887 945 950 late
962 905 1107 972 prospec-

106 989 191 1036 tans:
216 989 281 1036 tuto
304 975 456 1058 copiarum
478 988 620 1057 aggestu:
648 972 863 1036 florentissimis
886 995 965 1056 poue
988 989 1106 1054 tergum

106 1061 294 1143 municipiis:
317 1060 404 1123 simul
419 1059 568 1144 colloquia
583 1081 652 1122 cum
666 1057 845 1136 Vitellianis,
855 1059 962 1122 decem
979 1061 1106 1122 millium

105 1147 204 1229 spatio
229 1146 414 1222 distantibus,
441 1161 472 1208 et
499 1146 626 1228 proditio
641 1145 826 1229 sperabatur.
871 1144 966 1228 AEgre
991 1147 1019 1208 id
1044 1147 1107 1228 pati

106 1233 204 1308 miles,
228 1245 260 1295 et
276 1232 428 1305 victoriam
445 1231 544 1309 malle,
568 1231 658 1316 quam
682 1253 808 1315 pacem:
833 1253 871 1293 ne
892 1253 961 1296 suas
981 1233 1106 1316 quidem

106 1316 240 1399 legiones
254 1317 497 1401 opperiebantur,
522 1333 553 1382 ut
576 1319 692 1402 prede,
710 1317 808 1402 quam
833 1318 1033 1401 periculorum
1056 1339 1108 1381 so·

107 1403 180 1466 cias.
227 1401 360 1466 Vocatus
384 1404 420 1466 ad
444 1405 620 1468 concionem
637 1404 789 1467 Antonius
804 1403 923 1467 docuit:
952 1412 1037 1468 ‘esse
1053 1405 1108 1467 ad-

106 1489 168 1554 buc
182 1487 306 1553 Vitellio
322 1491 411 1568 vires,
427 1490 591 1570 ambiguas,
607 1491 631 1553 si
647 1491 865 1568 deliberarent3
889 1511 983 1568 acres,
998 1494 1021 1554 si
1038 1491 1109 1554 des-

107 1575 274 1662 perdssent.
318 1575 406 1640 Initia
423 1577 567 1639 bellorum
583 1577 714 1640 civilium
737 1576 860 1640 lortunae
887 1578 1107 1660 permittenda;

107 1663 262 1727 victoriam
287 1663 418 1726 consiliis
448 1677 479 1726 et
508 1663 622 1726 ratione
646 1663 760 1747 perfici.
804 1662 875 1726 Jarn
899 1661 1108 1736 Misenensem

108 1749 236 1815 classem
253 1763 284 1812 et
299 1750 530 1834 pulcherrimam
550 1749 723 1834 Campania
745 1771 827 1812 oram
844 1749 1026 1812 descivisse:
1048 1771 1108 1813 nec

108 1835 176 1918 plus
200 1857 218 1897 e
240 1849 304 1898 toto
327 1851 470 1898 terrarum
494 1836 567 1900 orbe
588 1837 734 1922 reliquum
752 1835 887 1913 Vitellio,
912 1836 1001 1922 quam
1025 1835 1114 1921 quod,

108 1921 187 1983 inter
200 1920 395 1984 Tarracinam
412 1922 617 2008 Narniamque
628 1922 739 2008 jaceat.
785 1921 863 1987 Satis
883 1923 981 2005 gloriae
1005 1922 1109 2006 praelio

108 2005 306 2068 Cremonensi
322 2023 452 2089 partum,
477 2019 509 2066 et
531 2011 624 2067 exitio
639 2009 800 2068 Cremonae
823 2009 947 2068 nimium
969 2007 1109 2087 invidiae3

108 2112 148 2154 ue
163 2092 412 2174 concupiscerent
439 2091 571 2154 Romam
595 2112 704 2175 capere
724 2091 832 2176 potiris,
856 2093 946 2177 quam
968 2113 1107 2156 servare:

108 2179 222 2262 majora
238 2178 294 2240 illis
310 2177 441 2260 praemia,
457 2190 487 2238 et
503 2175 597 2240 multb
611 2179 776 2241 maximum
794 2178 897 2256 decue,
909 2179 933 2241 si
950 2179 1109 2260 incolumi:

108 2277 202 2378 taterq
229 2262 354 2326 Senatui
369 2261 549 2349 Populoque
565 2263 707 2328 Romano
732 2265 796 2329 siue
819 2265 963 2348 sanguine
986 2262 1108 2349 quaesis-

109 2365 188 2414 seut.

151 2433 243 2498 LXI.
267 2433 325 2498 His
348 2457 383 2499 ac
405 2437 514 2500 talibus
538 2437 662 2520 mitigati
687 2437 789 2502 animi.
835 2437 903 2502 Nec
926 2437 1023 2502 multb
1039 2451 1108 2521 post

107 2521 241 2604 legiones
258 2521 380 2584 veniere.
426 2521 468 2585 Et
490 2537 601 2586 terrore
618 2523 757 2610 famaque
773 2526 851 2588 aucti
875 2524 1037 2600 exercitus,
1050 2522 1108 2586 Vi·

107 2607 234 2672 tellianae
264 2609 403 2672 cohortes
432 2609 588 2686 nutabant,
619 2611 701 2674 nullo
724 2613 753 2674 in
778 2611 890 2674 bellum
918 2611 1131 2687 adhortante,¹

107 2693 209 2764 multis
228 2694 266 2757 ad
291 2695 506 2773 transitionem,
528 2696 577 2780 qui
604 2717 672 2759 suas
695 2698 843 2760 centurias
860 2712 1030 2780 turmasque
1047 2710 1107 2758 tra-

107 2778 191 2856 dere,
208 2780 319 2844 donum
336 2781 450 2858 victori,
466 2797 497 2844 et
512 2782 566 2844 sibi
582 2783 776 2865 inposterum
792 2784 928 2864 gratiam,
939 2783 1107 2845 certabant.

106 2863 169 2928 Per
184 2887 237 2930 eos
251 2868 404 2950 cognitum
420 2883 475 2944 est,
496 2866 717 2930 ‘Interamnam
742 2869 885 2951 proximis
900 2869 1016 2952 campis
1031 2889 1107 2952 prae·

107 2951 183 3014 sidio
199 2953 483 3037 quadringentorum
500 2955 634 3039 equitum
651 2955 768 3016 teneri.'
813 2953 924 3017 Missus
948 2954 1108 3036 extemplo

109 3035 219 3116 Varus,
234 3061 306 3103 cum
321 3040 467 3122 expedita
482 3062 583 3118 manu,
605 3061 716 3124 paucos
732 3041 962 3124 repugnantium
985 3038 1108 3102 interse-

106 3125 164 3188 cit:
190 3126 299 3210 plures,
326 3125 451 3210 abjectis
475 3128 574 3201 armis,
602 3127 720 3190 veniam
744 3127 895 3210 petivere:
927 3126 1049 3210 quidam
1075 3126 1105 3188 in

106 3226 204 3274 castra
219 3210 324 3292 refugi,
339 3226 449 3274 cuncta
466 3210 622 3274 formidine
638 3213 811 3296 implebant,
828 3213 967 3296 augendo
982 3212 1108 3274 rumori·

106 3289 163 3359 bus
179 3298 320 3358 virtutem
334 3297 497 3381 copiasque
514 3298 655 3373 bostium,
679 3298 739 3383 qud
757 3300 856 3362 amissi
873 3299 998 3382 presidii
1015 3298 1108 3360 dede-

106 3402 160 3447 eus
176 3381 313 3444 lenirent.
359 3379 428 3445 Nec
443 3383 503 3445 ulla
527 3384 606 3468 apud
620 3383 798 3448 Vitellianos
815 3385 917 3469 flagitii
939 3406 1050 3468 poena:
1075 3397 1107 3447 et

86 3479 89 3485 ’
107 3467 235 3552 praemiis
251 3465 438 3530 delectorum
455 3490 539 3531 versa
555 3470 640 3547 fides,
667 3493 702 3534 ac
727 3471 874 3556 reliquum
896 3472 1026 3554 perfidie
1042 3491 1108 3534 cer·

106 3567 229 3617 tamen:
260 3553 365 3616 crebra
391 3553 553 3636 transfugia
575 3555 778 3620 Tribunorum
805 3557 1107 3641 Centurionumque3

106 3660 178 3703 nam
194 3640 345 3724 gregarius
365 3641 452 3704 miles
467 3641 640 3705 induruerat
656 3665 709 3726 pro
723 3641 858 3720 Vitellio,
874 3644 972 3707 donec
988 3643 1109 3706 Priscus

107 3738 139 3800 et
154 3726 325 3806 Alphenus,
344 3726 469 3790 desertis
483 3729 598 3805 castris,
613 3729 652 3792 ad
667 3728 823 3795 Vitellium
839 3730 976 3815 regressi,
992 3729 1108 3816 pudore

106 3811 282 3898 proditionis
297 3827 423 3878 cunctos
438 3815 641 3879 exsolverent.
