2484 4316
120 173 206 258 1138
483 189 525 256 C.
549 189 658 256 Corus.
680 189 806 256 'l'norrr
934 193 989 276 [A.
1005 192 1049 257 U.
1065 195 1148 258 822.

142 354 231 432 snles,
259 351 411 418 Vulcatius
434 351 633 429 Tertullinus,
659 351 812 422 Tribunus
835 351 943 438 plebia,
968 355 1151 433 intercessit,

142 449 200 504 ‘ne
224 441 295 524 quid
319 461 411 522 super
436 439 518 504 tanti
541 462 584 517 re,
615 440 757 524 Principe
783 440 918 516 absente,
945 441 1149 506 statueretur!

144 525 316 591 Censuerat
332 523 500 603 Helvidius,
521 531 573 590 ‘ut
589 525 773 610 Capitolium
790 526 909 610 publice
930 527 1152 606 restitueretur,

144 611 300 698 adjuvaret
321 610 546 696 Vespasianus.'
596 611 676 674 Eam
702 613 880 676 sententiam
910 613 1152 677 modestissimus

144 700 270 784 quisque
293 697 419 774 silentio,
443 697 553 762 deinde
568 697 677 762 oblivio
699 698 870 765 transmisit.
916 697 1019 762 Fuere
1042 700 1094 784 qui
1118 713 1152 764 et

144 799 360 848 meminissent.

187 869 231 934 X.
255 867 338 934 Tum
354 870 490 934 invectus
505 883 551 934 est
566 869 726 935 Musonius
741 869 886 936 Rususin
903 868 1067 934 ‘Publium
1083 871 1150 936 Ce-

142 958 249 1034 lerem,
266 977 282 1018 a
297 978 356 1041 quo
372 955 503 1018 Baream
520 955 670 1020 Soranum
686 956 760 1020 salso
774 957 945 1020 testimonio
959 959 1151 1022 circumven-

144 1043 230 1120 tum,'
244 1043 397 1126 arguebat.
443 1041 494 1104 Ea
505 1042 676 1125 cognitione
688 1043 822 1106 renovari
837 1043 907 1104 odia
923 1045 1150 1107 accusationum

143 1129 342 1192 videbamur:
363 1127 419 1190 sed
434 1127 500 1190 vilis
522 1137 553 1190 e't
579 1149 691 1192 nocens
707 1151 774 1192 reus
793 1129 908 1212 protegi
934 1151 994 1192 non
1016 1144 1149 1213 poterat.
1208 1195 1209 1218 ,

145 1213 270 1298 Quippe
295 1213 401 1276 Sorani
423 1227 527 1276 sancta
551 1215 714 1278 memoria:
738 1214 831 1278 Celer
850 1212 1002 1297 professus
1028 1216 1150 1299 sapien·
1208 1251 1209 1280 2

144 1301 226 1376 tiam,
242 1299 312 1362 dein
329 1299 410 1363 testis
426 1298 455 1362 in
471 1298 615 1377 Baream,
632 1301 763 1384 proditor
781 1313 997 1384 corruptorque
1013 1302 1100 1364 amici
1117 1315 1149 1364 et
1208 1329 1209 1334 ¹

144 1385 230 1472 cujus
254 1407 287 1448 se
314 1385 488 1469 magistrum
504 1383 631 1448 serebat.
676 1385 840 1448 Proximus
855 1386 919 1448 dies
942 1407 1039 1450 causae
1056 1387 1150 1451 desti·
1208 1403 1209 1410 ’

145 1489 241 1538 natur.
286 1471 356 1536 Nec
380 1487 440 1534 tam
463 1469 624 1534 Musonius
648 1486 698 1534 aut
714 1471 850 1548 Publius,
874 1471 964 1556 quiam
980 1472 1102 1536 Priscus
1118 1489 1150 1537 et
1208 1509 1209 1536 t

146 1558 313 1624 Marcellus
333 1558 487 1642 ceterique
515 1557 603 1622 motis
628 1557 666 1620 ad
693 1558 834 1622 ultionem
860 1558 977 1636 animis,
1003 1573 1151 1644 expecta·
1208 1589 1209 1640 ;

146 1646 264 1710 bantur.
1208 1709 1209 1716 χ

190 1729 249 1794 ΧΙ.
273 1731 343 1794 Tali
369 1752 467 1794 rerum
495 1744 584 1808 statu,
607 1730 677 1794 crim
696 1729 844 1794 discordia
870 1731 946 1795 inter
970 1745 1081 1816 patres,
1104 1732 1150 1794 ira

147 1818 228 1901 apud
245 1817 351 1894 victos,
371 1817 451 1880 nulla
467 1817 496 1880 in
513 1816 673 1880 victoribus
687 1817 857 1894 auctoritas,
883 1839 941 1880 non
966 1818 1062 1898 leges,
1088 1840 1149 1881 non

147 1903 295 1987 Princeps
320 1903 349 1965 in
374 1903 496 1966 civitate
523 1917 633 1978 essent,
660 1901 829 1980 Mucianus,
856 1903 960 1966 urbem
987 1904 1149 1987 ingressus,
1208 1915 1209 1924 ’

146 2004 254 2054 cuncta
269 1989 357 2052 simul
372 1989 400 2050 in
413 2010 445 2051 se
457 1989 546 2054 traxit
561 2011 569 2051 ι
591 1987 682 2052 fracta
698 1988 791 2052 Primi
804 1990 926 2052 Antonii
941 1988 1075 2074 Varique
1090 1989 1150 2052 Ar-

147 2077 181 2140 rii
205 2075 346 2160 potentia,
373 2074 451 2138 mal'e
478 2073 663 2138 dissimulata
685 2075 714 2138 in
742 2096 794 2138 eos
821 2073 953 2138 Muciani
984 2075 1150 2153 iracundia,

148 2162 283 2248 quamvis
299 2161 381 2224 vultu
398 2176 560 2244 tegeretur.
606 2160 668 2224 Sed
685 2161 799 2238 civitas,
812 2161 952 2224 rimandis
968 2162 1090 2226 offensis
1100 2183 1151 2225 sa·

148 2261 402 2333 gax,verteratse
415 2247 677 2331 transtuleratque.
708 2247 764 2310 llle
776 2268 852 2310 unus
865 2247 1066 2334 ambirigooli:
1091 2269 1150 2312 nec
1208 2273 1209 2324 l

148 2336 252 2398 deerat
266 2335 349 2418 ipse:
374 2334 500 2416 stipatus
516 2335 646 2410 armatis,
663 2333 768 2398 domos
789 2334 949 2418 hortosque
964 2347 1150 2418 permutans,
1208 2333 1209 2356 ¹

148 2433 301 2506 apparatu,
316 2420 446 2495 incessu,
462 2419 611 2492 excubiis,
627 2419 687 2482 vim
704 2419 852 2504 Principis
868 2420 1020 2502 amplecti,
1036 2441 1149 2484 nomen

147 2507 313 2570 remittere.
359 2503 525 2566 Plurimum
543 2506 663 2568 terroris
685 2506 780 2568 intulit
796 2505 895 2570 caedes
911 2505 1067 2590 Calpurnii
1084 2506 1150 2568 Ga-

148 2591 262 2656 leriani.
308 2589 339 2654 ls
354 2588 407 2653 suit
430 2590 507 2653 filius
522 2588 562 2653 C.
580 2590 711 2668 Pisonis,
737 2593 808 2654 nibil
832 2613 941 2656 aususr
966 2593 1020 2656 sed
1037 2613 1149 2656 nomen

148 2679 274 2763 insigne,
290 2693 320 2741 et
335 2676 445 2744 decora
461 2675 514 2760 ipsi
526 2675 662 2760 juventa,
678 2699 795 2742 rumore
811 2679 890 2760 vulgi
901 2678 1151 2745 celebrabantur:

104 2841 106 2846 ¹
147 2779 293 2848 erantque
305 2764 333 2826 in
345 2763 466 2827 civitate
478 2762 577 2826 adhuc
594 2762 722 2838 turbidai,
734 2779 765 2826 et
777 2765 859 2827 novis
871 2765 1057 2828 sermonibus
1072 2765 1149 2842 laetai,

148 2851 198 2938 qui
222 2848 414 2934 Principatirs
439 2849 558 2912 inanem
590 2850 616 2912 ei
648 2848 757 2912 samam
780 2851 1011 2914 circumdarent.
1056 2848 1148 2914 Jussu

148 2937 281 3004 Muciani
297 2933 436 3000 custodial
451 2935 566 3000 militari
582 2936 708 3013 cinctus,
732 2958 771 2999 ne
786 2936 814 2998 in
831 2935 899 3021 ipsit
913 2937 986 3000 urbe
1000 2958 1150 3022 conspec-

147 3028 203 3092 tior
218 3045 297 3090 mors
313 3022 400 3100 soret,
427 3022 465 3086 ad
489 3022 749 3106 quadragesimum
775 3023 813 3086 ab
837 3023 910 3086 urbe
934 3023 1078 3105 lapidem,
1100 3023 1149 3086 vib

147 3111 259 3197 Appial,
276 3109 341 3180 suso
355 3131 408 3194 per
423 3129 516 3172 venas
528 3110 682 3189 sanguine,
699 3109 908 3192 exstinguitur.
953 3109 1052 3172 Julius
1067 3107 1148 3172 Pris-

147 3220 212 3275 cus,
229 3196 449 3271 Praetoriarnm‚
460 3195 515 3258 snb
527 3193 658 3271 Vitellio,
670 3195 836 3258 cohortium
847 3194 1023 3272 Preiectus,
1035 3217 1068 3258 se
1084 3196 1148 3276 ipse

147 3282 306 3356 interiecit,
324 3281 440 3364 pudore
456 3279 560 3364 magis,
577 3281 666 3366 qnam
683 3283 872 3345 necessitate.
911 3281 1073 3366 Alphenus
1086 3281 1148 3344 Va-

147 3391 198 3434 rus
214 3367 337 3452 ignaviae
359 3366 547 3450 infamiaeque
566 3390 626 3432 sue
642 3367 799 3450 superfuit.
837 3368 991 3434 Asiaticus
1006 3367 1085 3431 enirn
1109 3369 1149 3452 (is

147 3451 286 3538 libertus)
304 3452 413 3514 malam
431 3455 593 3536 potentiam
610 3455 708 3518 servili
722 3454 870 3538 supplicio
886 3455 1031 3537 expiavit.

192 3539 269 3605 Xll.
294 3538 404 3602 lisdem
431 3539 538 3603 diebus
563 3541 805 3604 crebrescentem
835 3541 929 3604 cladis
960 3540 1147 3604 Germanice

147 3627 269 3704 samam,
286 3623 477 3710 nequisquam
501 3643 607 3691 moesta
627 3628 729 3704 civitas
746 3627 936 3711 excipiebat:
959 3633 1072 3690 ‘caesos
1094 3649 1148 3690 ex·

148 3715 267 3795 ercitus,
283 3729 370 3798 capta
386 3713 538 3796 legionum
551 3714 698 3798 hyberna,
714 3713 877 3780 descivisse
890 3712 1025 3791 Gallias:
1042 3735 1100 3795 noo
1116 3727 1147 3777 ut
