2556 4446
400 365 446 408 nn
469 343 689 411 Ouronrsos
711 341 898 408 Dracones.
921 306 927 321 „
1109 339 1174 410 255

171 511 248 597 parti
263 510 409 578 sermonis
431 509 497 595 ejus
518 529 655 594 repugno
676 509 731 588 sie,
746 507 807 594 quai
830 476 928 572 mimis
944 507 1048 586 fatear,
1073 504 1174 594 plures

173 597 283 664 formas
299 596 418 662 dicendi
434 597 525 660 etiarn
549 597 656 664 iisdem
671 597 799 674 seculis,
816 596 927 660 nedum
944 595 1080 672 diversis,
1097 599 1175 662 exti·
1266 597 1267 602 ’

173 685 258 748 risse.
302 683 377 760 Sed,
394 705 454 768 quo
476 683 568 748 modo
590 685 668 748 inter
684 684 805 748 Atticos
825 698 960 748 oratores
983 683 1085 764 prime
1108 682 1175 746 De·

172 771 324 835 mostheni
340 770 518 850 tribuuntur,
542 771 713 855 proximum
730 785 831 834 autern
849 771 951 834 locum
965 769 1127 832 AEschines
1143 784 1184 834 et·
1266 811 1267 814 =

174 855 350 942 Hyperides
364 871 395 920 et
409 855 520 941 Lysias
535 873 566 924 et
581 857 903 942 Lycurgus-obtinent,
920 857 1055 920 omnium
1072 870 1174 919 autern

172 963 322 1022 consensu
340 944 404 1008 bec
425 961 575 1009 oratorum
600 959 674 1008 aetas
697 943 831 1008 maxime
854 943 1012 1030 probatur3
1035 938 1077 1008 sic
1094 943 1175 1028 apud

173 1051 229 1094 nos
244 1028 356 1094 Cicero
379 1030 502 1114 quidem
523 1046 640 1096 ceteros
663 1031 829 1094 eorundem
853 1045 1025 1114 temporum
1049 1031 1175 1094 disertos

167 1117 345 1194 antecessit,
357 1116 474 1181 Calvus
489 1132 591 1181 autem
607 1131 638 1181 et
654 1117 777 1181 Asinius
793 1131 823 1180 et
839 1115 995 1195 Caesar‚et
1010 1116 1129 1180 Coelius
1144 1129 1176 1182 et

171 1201 286 1268 Brutus
296 1225 352 1286 suo
365 1203 434 1290 jure
446 1218 478 1268 et
494 1204 649 1288 prioribus,
661 1218 692 1267 et
707 1203 913 1288 sequentibus,
929 1218 1171 1288 anteponuntur:

172 1311 231 1354 nec
246 1290 348 1369 refert,
365 1288 446 1375 quod
463 1291 540 1354 inter
554 1313 588 1354 se
603 1291 706 1374 speeie
722 1290 871 1368 differant,
887 1290 958 1354 cirrn
974 1311 1085 1372 genere
1101 1311 1176 1354 con·

171 1377 313 1440 sentiant.
358 1377 518 1442 Astrictior
541 1376 670 1455 Calvus,
701 1378 890 1441 numerosior
912 1377 1048 1454 Asinius,
1074 1377 1176 1460 splen-

171 1463 269 1528 didicr
291 1464 407 1543 Caesar,
430 1466 558 1534 amarior
579 1463 709 1542 Coelius,
732 1465 849 1546 gravior
868 1463 994 1541 Brutus,
1010 1465 1176 1527 vehemen-

170 1549 230 1614 tior
242 1565 273 1616 et
296 1552 411 1636 plenior
430 1565 462 1615 et
477 1545 621 1616 valentior
643 1549 904 1628 Cicero'aomnes
921 1565 1022 1613 tamen
1045 1549 1175 1613 eandem

170 1637 328 1702 sanitatem
350 1637 530 1721 eloquentiae
550 1635 667 1698 seruntr
682 1649 733 1712 ut,
750 1635 774 1696 si
797 1634 931 1697 omnium
949 1635 1061 1717 pariter
1083 1635 1173 1699 libros
1266 1671 1267 1676 κ

170 1722 201 1786 in
227 1745 351 1785 manum
378 1722 530 1796 sumseris,
555 1721 642 1796 scias,
667 1720 804 1803 quamvis
826 1721 857 1782 in
881 1720 1008 1784 diversis
1035 1721 1173 1802 ingeniis,

170 1828 240 1869 esse
263 1808 414 1891 quandam
433 1805 546 1891 judicii
563 1827 600 1869 ac
615 1805 774 1870 voluntatis
796 1805 1023 1869 similitudinem
1038 1822 1069 1870 et
1090 1809 1175 1891 cogi·

170 1893 326 1959 tationem.
372 1891 563 1978 Nam,qutid
585 1891 714 1956 invicem
736 1913 769 1956 se
785 1892 1040 1970 obtrectaverunt,
1061 1891 1108 1980 (et
1124 1917 1174 1958 su·

171 1993 296 2064 persont
321 1979 421 2064 aliqua
444 1980 577 2063 epistolis
600 2000 706 2044 eorum
732 1979 852 2057 inserte,
876 2001 916 2044 ex
940 1979 1046 2066 quibus
1070 1995 1173 2044 nrutua

169 2066 339 2148 malignitas
355 2065 532 2151 detegitur,)
555 2087 616 2130 non
640 2081 686 2130 est
701 2081 853 2131 oratorum
868 2067 982 2145 vitium,
998 2067 1052 2130 sed
1076 2068 1174 2132 homi·

171 2173 256 2216 num.
302 2151 384 2215 Nam
408 2167 439 2217 et
454 2152 586 2218 Caluum
602 2169 632 2220 et
648 2153 787 2218 Asinium
814 2168 846 2220 et
863 2154 963 2238 ipsum
986 2152 1173 2218 Ciceronem
1266 2223 1267 2236 ,

169 2239 263 2303 credo
279 2240 381 2303 solitos
397 2253 429 2302 et
444 2239 577 2304 invidere
600 2255 632 2304 et
653 2241 758 2316 livere,
781 2254 813 2303 et
835 2241 944 2306 ceteris
967 2241 1106 2304 humane
1128 2242 1173 2304 in·
1266 2275 1267 2286 κ

170 2325 317 2389 firmitatis
334 2326 410 2388 vitiis
426 2327 528 2389 affici:
550 2327 648 2390 solnm
664 2328 743 2390 inter
754 2324 809 2390 hos
825 2327 949 2389 arbitror
964 2325 1173 2390 Brutumnon
1266 2365 1267 2398 r

170 2412 367 2495 malignitate,
379 2433 437 2476 nec
449 2411 570 2491 insidii,
580 2413 634 2476 sed
643 2411 818 2496 simpliciter
830 2427 859 2474 er
870 2410 1011 2493 ingenue,
1023 2410 1173 2496 judicium

170 2500 261 2562 animi
291 2501 336 2563 sui
362 2499 526 2564 detexisse.
572 2501 623 2564 Au
654 2497 803 2562 invideret
832 2495 986 2575 Ciceroni,
1018 2498 1068 2584 qui
1099 2499 1171 2562 mihi
1266 2505 1267 2580 ,

171 2587 299 2664 videtur,
315 2609 353 2651 ne
370 2584 484 2652 Caesari
499 2587 623 2674 quidem
639 2585 805 2651 invidisse?
851 2583 946 2660 Quod
962 2585 999 2650 ad
1017 2574 1173 2649 SerlGal·
1266 2639 1267 2670 3

170 2673 242 2738 bam
266 2690 296 2739 et
320 2674 361 2740 C.
388 2673 517 2740 Lelium
541 2675 658 2752 attinet,
684 2687 715 2738 et
740 2672 766 2736 si
788 2694 864 2758 quos
886 2673 960 2738 alios
983 2673 1172 2758 antiquorum
1266 2705 1267 2716 κ

170 2762 282 2844 agitare
305 2784 365 2825 nou
388 2761 521 2837 destitit;
544 2783 603 2824 non
626 2760 720 2842 exigit
742 2759 945 2838 defensorem,
969 2760 1040 2842 crim
1067 2759 1171 2837 fatear,
1266 2753 1267 2824 Ῑ

170 2849 309 2932 quedam
332 2847 511 2930 eloquentie
534 2867 651 2924 eorum,
674 2859 708 2908 ut
729 2847 865 2909 nascenti
887 2847 998 2925 adhuc,
1022 2869 1079 2912 nec
1101 2845 1173 2912 satis
1266 2861 1267 2916 ξ

170 2933 291 3006 adultae,
307 2931 449 2996 defuisse.
964 2987 969 2997 .
1266 3007 1267 3014 ἵ

131 3095 134 3102 Δ
213 3017 337 3082 XXVI.
361 3017 511 3082 Ceterirm
524 3019 560 3096 si,
576 3018 688 3082 omisso
709 3017 824 3101 optimo
839 3017 889 3080 illo
904 3017 1172 3102 etpersectissimo

170 3125 284 3187 genere
301 3105 491 3188 eloquentie,
508 3104 648 3187 eligenda
663 3105 700 3168 sit
714 3104 810 3168 sorrna
825 3104 956 3180 dicendi,
971 3105 1074 3168 malim
1090 3103 1172 3166 Her·

169 3192 238 3255 cule
255 3189 296 3254 C.
313 3190 445 3254 Gracchi
457 3191 615 3274 impetum,
627 3205 678 3254 aut
689 3189 728 3253 L.
739 3191 841 3254 Crassi
859 3190 1170 3274 maturitatemqo'am
1266 3245 1267 3248 ,

168 3279 354 3342 calamistros
371 3276 558 3352 Maecenatis,
575 3292 625 3340 aut
642 3277 763 3340 tinnitos
779 3276 945 3340 Gallionis:
969 3275 1047 3338 adeo
1064 3277 1171 3340 melius

169 3380 225 3440 est,
241 3378 390 3426 oratorem
401 3363 448 3426 rel
465 3361 542 3426 hirta
557 3361 628 3445 togis
643 3363 778 3440 induere,
795 3363 885 3447 quarn
903 3362 1010 3425 secatis
1026 3378 1056 3428 et
1070 3385 1172 3428 mere·
1266 3371 1267 3404 ³

169 3450 260 3514 triciis
272 3451 403 3512 vestibus
415 3449 564 3532 insignire.
612 3447 722 3534 Neque
734 3450 815 3515 enim
827 3449 974 3512 oratorius
989 3450 1055 3528 iste,
1066 3451 1169 3527 immo,

170 3536 317 3612 Hercule,
338 3557 376 3600 ne
394 3536 484 3599 virilis
499 3535 620 3619 quidem
637 3537 736 3601 cultus
751 3550 807 3612 est,
824 3557 884 3620 quo
901 3536 1035 3622 plerique
1052 3551 1172 3626 tempo·

169 3644 236 3686 rum
252 3638 420 3686 nostrorum
444 3638 559 3686 actores
575 3623 614 3686 ita
631 3637 762 3699 utuntur,
779 3638 811 3684 ut
826 3622 950 3686 lasciviis
966 3625 1123 3688 verborum
1139 3639 1171 3687 et

167 3709 290 3787 levitate
314 3710 528 3772 sententiarum
545 3723 576 3772 et
598 3709 720 3774 licentiis
734 3710 960 3792 compositionis
984 3710 1168 3776 histrionales

166 3795 273 3860 modos
296 3797 483 3880 exprimant:
509 3795 649 3883 quodque
674 3797 726 3860 vix
752 3797 854 3859 auditu
880 3794 936 3860 sas*
954 3819 1020 3861 esse
1048 3798 1168 3870 debeat,

166 3881 263 3950 laudis
286 3883 432 3969 etgloria
455 3897 486 3949 et
512 3884 622 3968 ingenii
646 3883 715 3948 loco
738 3883 874 3970 plerique
893 3883 1021 3971 jactant,
1037 3881 1169 3946 ‘cantari
