2556 4446
385 381 431 424 nn
455 359 672 424 Onnnonrnns
696 353 881 423 Drnnoens.
1072 343 1138 423 'ete

129 523 186 588 bus
206 524 357 609 expressis
377 524 401 586 si
418 521 538 608 qnando
553 518 678 586 necesse
694 523 741 600 sit,
760 543 816 606 pro
833 519 1020 606 periclitante
1036 523 1134 588 amico

130 614 333 693 potentiorum
350 631 438 675 aures
453 611 619 689 offendere,
635 624 667 672 et
684 610 808 694 probata
823 611 861 673 sit
876 610 949 672 fides
965 621 997 672 et
1011 610 1133 675 libertas

130 713 286 762 excusata.

173 783 232 848 Xt.
256 783 381 856 Quae
350 803 420 846 eum
434 782 559 847 dixisset
572 783 656 866 Aper
667 783 773 860 acrius,
786 795 818 846 ut
834 781 960 860 solebat,
971 793 1002 847 et
1018 781 1133 870 intento

129 889 193 947 ore,
216 871 357 932 remissus
381 885 412 933 et
427 871 585 934 subridens
599 870 766 948 Maternus,
794 867 948 947 Paravi,
941 871 1045 956 rnquit,
1071 864 1131 947 me,

40 1039 42 1042 Ι
128 977 188 1019 non
213 956 310 1019 minirs
335 957 384 1019 diu
415 977 557 1021 accusare
586 973 729 1034 oratores,
757 978 846 1042 quam
872 959 958 1040 Aper
987 955 1131 1020 laudavit.
1196 1029 1202 1044 ⁵

127 1041 210 1106 Fore
223 1045 303 1106 enim
301 1041 492 1122 arbitrabar,
509 1061 551 1122 ut,
567 1065 584 1107 ι
599 1044 770 1107 laudatione
783 1063 885 1106 eorum
903 1045 1077 1125 digressus,
1080 1043 1134 1106 de-

128 1143 271 1194 trectaret
284 1145 388 1231 ppetas
401 1147 491 1231 ptque
503 1131 668 1193 carminum
682 1131 812 1194 studium
826 1139 1044 1216 prosterneret:
1070 1144 1133 1192 arte

130 1216 260 1302 quadarn
277 1218 433 1300 mitigavit,
459 1217 656 1281 concedendo
683 1217 738 1295 his,
766 1217 816 1301 qui
837 1239 942 1282 causas
966 1237 1056 1298 agere
1071 1229 1132 1279 non

128 1319 264 1386 possent,
288 1319 321 1366 ut
342 1325 445 1368 versus
461 1303 604 1367 facerent.
650 1303 721 1386 Ego
736 1320 849 1382 autem,
876 1305 954 1368 sicut
979 1305 1008 1366 in
1035 1303 1134 1370 causis

129 1390 253 1472 agendis
268 1391 389 1453 efficere
406 1391 517 1477 aliquid
533 1405 565 1454 et
580 1391 653 1454 eniti
669 1391 794 1454 fortasse
810 1413 944 1475 possum,
970 1391 1010 1454 ita
1028 1392 1136 1454 recita·

129 1477 211 1539 tione
223 1475 436 1581 trqgoediarum
451 1478 567 1560 ingredi
584 1477 692 1540 samam
708 1479 879 1562 auspicatus
893 1499 970 1554 sum,
988 1492 1051 1539 tum
1069 1471 1134 1561 qui·

129 1562 211 1668 dem,
234 1564 305 1626 crim
321 1565 350 1626 in
367 1563 491 1626 Nerone
506 1565 705 1662 improbatam
722 1577 752 1624 et
767 1562 932 1624 studiorum
950 1583 1070 1666 qqoqpe
1085 1583 1133 1624 sa·

127 1654 179 1713 o'ra
184 1649 404 1754 profanantem
421 1647 533 1710 Vatinii
551 1649 715 1746 potentiam
731 1647 822 1728 fregi:
855 1661 885 1708 et
901 1646 1041 1722 nodie·
1019 1669 1042 1708 ει
1060 1643 1131 1731 quid

128 1735 158 1798 in
175 1736 260 1796 nobis
277 1735 386 1796 notitiae
403 1755 439 1796 ac
453 1735 583 1795 nominis
606 1747 662 1809 est,
687 1730 781 1814 magis
806 1732 933 1794 arbitror
952 1733 1131 1833 carminum,

128 1819 219 1904 quam
235 1819 413 1895 orationum,
438 1817 534 1900 gloria
549 1835 684 1904 partum:
709 1839 744 1881 ac
763 1817 826 1918 jam
855 1839 903 1880 me
928 1817 1086 1912 sejungere
1113 1841 1132 1884 a

128 1905 237 1970 forensi
253 1905 355 1968 labore
370 1905 530 1982 constitui3
547 1923 611 1968 nec
626 1905 785 1968 comitatus
800 1905 872 1968 istos
888 1917 917 1970 et
929 1925 1068 1988 egressus
1079 1911 1133 1971 ant

128 1992 327 2093 frequentiam
343 1992 552 2072 salutationum
562 1991 761 2075 concupisco.
786 2013 845 2054 non
862 1990 957 2074 magis
969 2015 1064 2095 quam·
1072 2011 1131 2059 aera

127 2093 159 2143 et
174 2079 330 2162 imagines,
346 2101 412 2164 quae
428 2079 530 2156 etiam,
547 2100 596 2142 me
612 2079 765 2156 nolente,
758 2101 786 2142 ιιι
804 2079 928 2142 domum
945 2101 1043 2144 meam
1057 2082 1132 2146 irru-

125 2181 245 2251 perunt.
291 2165 373 2229 Nam
388 2179 499 2270 statum
516 2167 672 2271 hucusquq
698 2187 734 2230 ac
757 2167 948 2230 securitatem
965 2167 1095 2230 melitis
1088 2189 1133 2230 m·

127 2251 269 2316 nocentia
285 2265 381 2330 tueor,
398 2273 487 2336 quam
504 2250 696 2352 eloqpentiti:
719 2273 776 2316 nec
794 2273 909 2328 vereor,
933 2271 971 2315 ne
987 2254 1060 2315 mihi
1076 2275 1132 2318 un·

129 2361 219 2440 quam
237 2338 351 2402 verbo
344 2361 374 2401 ιιι
390 2338 557 2417 Senatu,
529 2339 584 2402 nrsi
601 2359 655 2426 pro
667 2338 788 2404 alterius
803 2338 984 2451 discrimine,
995 2337 1133 2405 facienda

128 2427 196 2489 sint.
292 2437 295 2442 '

171 2511 247 2576 Xll.
271 2511 407 2576 Nemora
423 2511 495 2576 verit
507 2525 538 2576 et
552 2511 613 2576 luci
625 2525 655 2575 et
667 2523 817 2575 secretum
830 2511 939 2595 ipsum,
952 2501 1031 2612 quod
1047 2511 1133 2597 Aper

127 2599 313 2702 increpabat,
328 2615 442 2664 tantam
458 2601 531 2664 mihi
547 2601 674 2663 afferunt
691 2598 889 2688 voluptatem,
915 2613 948 2662 ut
964 2599 1041 2662 inter
1057 2619 1132 2701 pre*

128 2687 236 2770 cipuos
250 2687 415 2751 carminum
433 2686 545 2750 fructus
568 2707 736 2778 numerem,
760 2685 840 2771 quird
858 2707 914 2748 nec
935 2685 969 2749 in
993 2688 1131 2772 strepitu,

127 2785 186 2836 nec
202 2773 327 2836 sedente
343 2788 413 2835 ante
428 2774 537 2834 ostium
552 2762 714 2856 litigatore,
735 2793 793 2834 nec
808 2773 886 2834 inter
900 2772 1005 2836 sordes
1020 2793 1057 2837 ac
1072 2775 1133 2838 lac'·

127 2879 229 2940 rymas
245 2879 362 2920 reorum
378 2869 619 2940 componttntur3
649 2858 702 2920 sed
725 2858 841 2920 secedit
868 2859 985 2922 animus
1011 2860 1040 2922 in
1064 2859 1131 2925 locat

127 2964 202 3028 puta
218 2957 309 3042 ιιιιιιι
326 2943 508 3020 innocentia,
524 2941 689 3030 fruiturque
705 2943 847 3006 sedibus
840 2945 944 3006 sacris.
980 2944 1056 3008 Haec
1068 2947 1132 3010 elo·'

128 3029 256 3116 quentiae
287 3029 458 3114 primordia,
485 3031 550 3092 haec
574 3030 757 3114 penetralia:
788 3031 846 3092 hoc
872 3029 1000 3114 primirm
1028 3031 1132 3098 habittt

127 3116 278 3216 cultuque
286 3117 447 3180 commoda
463 3117 682 3194 mortalibus,
674 3139 702 3180 ιιι
720 3117 768 3180 illa
790 3132 882 3193 casta,
906 3131 937 3180 et
955 3117 1042 3180 nullis
1058 3135 1131 3180 con·¹

60 3264 62 3269 .
127 3215 207 3266 tacta
219 3203 305 3279 vitiis,
319 3203 636 3286 pectorainfluxit:
613 3225 656 3266 src
668 3203 789 3267 oracula
805 3203 1014 3288 loquebantur.
1049 3201 1131 3269 Nam

126 3289 250 3354 lucrosae
268 3289 355 3374 hujus
379 3303 410 3352 et
436 3291 641 3372 sanguinantis
665 3291 844 3374 eloquentie
858 3311 952 3367 usus,
976 3293 1132 3358 recenset

126 3377 212 3440 malis
229 3378 360 3439 moribus
376 3391 474 3452 natus,
491 3392 597 3460 atque,
611 3390 642 3438 ut
658 3389 690 3438 tu
707 3375 839 3452 dicebas,
864 3377 958 3460 Aper,
985 3376 1015 3438 in
1031 3377 1132 3446 locum

127 3463 179 3526 teli
195 3476 344 3545 repertus.
390 3461 536 3525 Ceterum
559 3462 636 3525 felix
647 3461 730 3538 illud,
753 3476 795 3540 et,
818 3477 850 3526 ut
873 3482 956 3524 more
972 3477 1072 3527 nostro
1088 3463 1133 3529 lo-

128 3570 212 3650 ιιιιιι,
223 3569 347 3612 aureum
361 3548 515 3624 seculum,
532 3563 562 3613 et
577 3564 728 3612 oratorum
745 3562 776 3611 et
790 3549 946 3612 criminum
964 3551 1061 3634 inops,
1079 3571 1133 3635 ρο-

127 3637 183 3701 etis
198 3649 229 3698 et
246 3635 361 3698 vatibus
378 3635 558 3712 abundabat,
575 3657 623 3720 qur
617 3634 715 3698 bene
732 3632 809 3698 facta
824 3649 980 3712 canerent,
1004 3659 1063 3700 non
1081 3636 1131 3724 qui

126 3721 208 3784 malis
222 3721 353 3784 admissa
369 3721 578 3786 defenderent.
624 3720 692 3784 Nec
704 3721 799 3784 ullis
791 3737 842 3786 aut
857 3723 951 3803 gloria
964 3723 1070 3814 major,
1082 3737 1133 3788 aut

126 3809 279 3892 augustior
295 3809 410 3872 honor:
435 3810 563 3894 primurn
587 3809 665 3892 apud
680 3808 776 3878 Deos
793 3831 919 3895 quorum
937 3809 1070 3893 proferre
1085 3831 1132 3873 re-

126 3917 237 3983 sponsa
260 3909 291 3961 et
313 3897 458 3962 interesse
483 3880 795 4048 epuliqlfprebanturt
826 3895 937 3962 deinde
960 3896 1040 3982 apud
1065 3896 1132 3964 illos
