2514 4318
377 233 421 285 rac
446 208 604 276 Moaraua
627 208 826 275 Genumana.
1037 216 1100 279 203

101 389 189 467 prata
205 375 346 463 sepaient
370 392 401 442 et
424 379 524 462 hortos
550 379 666 459 rigent:
691 378 754 441 sola
770 379 854 440 terrae
870 397 958 458 seges
972 377 1102 462 impera-

100 485 162 532 tur.
207 466 299 529 Unde
316 488 425 528 annum
444 463 562 550 quo'que
578 465 676 547 ipsum
699 487 757 526 non
779 465 808 528 in
824 465 948 527 totidem
964 465 1103 546 digerunt

100 555 240 638 species:
265 554 374 636 hyems
397 566 428 614 et
451 573 504 614 ver
529 569 558 614 et
583 566 667 614 estas
685 551 869 614 intellectum
895 571 930 612 ac
954 552 1103 616 vocabula

101 641 238 704 babent:
261 639 394 702 autumni
411 637 534 721 perinde
547 658 655 700 nomen
672 659 707 698 ac
723 638 802 699 bona
817 638 999 716 ignorantur.

84 786 88 791 .
147 724 289 789 XXVII.
314 724 468 787 Funerum
492 724 573 786 nulla
594 723 735 801 ambitio;
758 723 786 785 id
803 724 902 798 solum
916 724 1104 804 observatur,

100 825 138 875 ut
150 831 277 895 corpora
288 812 438 874 clarorum
451 811 577 872 virorum
588 810 678 871 certis
693 809 779 893 liguis
791 825 970 873 crementur.
1017 806 1103 874 Struss

101 919 153 962 em
169 899 232 978 rogi
257 919 313 960 nec
329 898 471 972 vestibus
487 918 543 958 nec
560 895 711 972 odoribus,
727 897 899 958 cumulant:
924 917 977 958 sua
992 897 1103 980 cuique

100 1005 195 1060 arma,
227 984 413 1068 quorundam
444 983 504 1064 igni
530 996 561 1043 et
591 1003 687 1065 equus
725 981 871 1066 adjicitur.
918 981 1101 1065 Sepulcrum

99 1091 211 1153 cespes
233 1071 328 1152 erigit.
374 1068 642 1132 Monumentorum
666 1069 792 1131 arduum
814 1083 845 1131 et
860 1089 1020 1152 operosum
1048 1071 1103 1133 ho·

101 1177 219 1232 norem,
243 1171 275 1218 ut
305 1177 427 1238 gravem
455 1153 613 1230 defunctis,
644 1169 850 1239 aspernantur.
896 1153 1044 1218 Lamenta
1067 1177 1103 1220 ac

100 1243 252 1326 lacrymas
260 1242 331 1318 citd,
348 1242 481 1304 dolorem
499 1255 529 1302 et
545 1241 690 1304 tristitiam
707 1242 802 1317 tarde,
816 1255 940 1326 ponunt.
987 1240 1103 1304 Foemi·

101 1329 148 1392 nis
164 1331 267 1412 lugere
289 1329 447 1391 honestum
464 1342 527 1406 est3
552 1328 620 1390 viris
643 1328 826 1390 meminisse.
873 1326 949 1388 Haeo
969 1328 998 1389 in
1019 1349 1105 1390 oom-

101 1436 195 1478 mune
211 1416 248 1477 de
264 1416 399 1477 omnium
416 1414 635 1475 Germanorum
654 1414 767 1494 origine
783 1434 819 1492 ac
835 1413 966 1474 moribus
981 1414 1102 1495 accepi-

100 1522 190 1563 mus:
215 1523 295 1563 nuuc
310 1501 492 1582 singularum
503 1499 636 1578 gentium
653 1497 944 1578 institutaritusque,
955 1497 1102 1580 quatenus

101 1587 251 1661 differant,
268 1609 333 1670 quae
349 1585 484 1646 nationes
500 1604 518 1644 e
534 1581 701 1644 Germaniai
711 1583 740 1644 in
755 1582 871 1644 Gallias
885 1583 1103 1663 commigrave-

101 1673 170 1747 rint,
187 1675 362 1752 expediam.

112 1805 115 1812 .
146 1755 303 1820 XXVIII.
325 1755 495 1818 Validiores
510 1755 581 1816 olim
605 1753 763 1816 Gallorum
786 1775 833 1816 res
851 1753 952 1830 saissa,
968 1775 1103 1819 summus

102 1856 260 1906 auctorum
277 1841 320 1904 D.
334 1841 433 1904 Julius
448 1841 558 1904 tradit:
581 1840 679 1924 adque
695 1841 838 1903 credibile
854 1855 910 1917 est,
926 1841 1015 1903 etiam
1030 1841 1105 1904 Gal·

102 1931 149 1992 los
172 1928 200 1989 in
218 1927 412 1990 Germaniam
435 1941 644 2008 transgressos.
690 1926 880 2001 Quantulum
903 1927 983 1990 enim
1007 1929 1107 2010 arnoia

20 2071 21 2074 ,
103 2013 254 2089 obstabat,
270 2013 330 2097 qud
353 2011 462 2090 minias,
477 2027 510 2075 ut
527 2033 652 2096 quaeque
664 2015 742 2094 'gens
760 2014 925 2090 evaluerat‚
941 2028 1105 2098 occuparet

20 2099 21 2102 ’
103 2114 349 2184 permutaretque
364 2100 463 2174 sedes,
481 2101 664 2181 promiscuas
680 2099 780 2162 adhuc
795 2115 826 2163 et
842 2099 925 2162 nulla
943 2105 1109 2182 regnorum

20 2249 21 2260 ,
104 2185 242 2270 potentia
265 2186 397 2248 divisas?
442 2184 542 2266 Igitur
565 2187 642 2247 inter
666 2184 852 2270 Hercyniam
875 2187 992 2268 sylvam
1017 2187 1105 2249 Rhe·

103 2292 238 2355 numque
254 2287 285 2334 et
301 2270 441 2334 Moeuum
458 2292 562 2334 amnes
578 2270 723 2347 Helvetii,
739 2273 877 2335 ulteriora
892 2273 972 2348 Boii,
986 2272 1105 2336 Gallica

102 2371 230 2442 utraque
253 2379 339 2440 gens,
369 2356 506 2420 tenuere.
552 2356 659 2420 Manet
685 2357 784 2421 adhuc
806 2357 951 2420 Boiiami
980 2379 1102 2436 nomen,

103 2445 310 2528 significatque
326 2445 384 2506 loci
401 2457 535 2506 veterem
552 2444 739 2520 memoriam,
752 2445 888 2529 quamvis
904 2445 1023 2508 mutatis
1039 2445 1104 2507 cul-

103 2529 228 2593 toribus.
275 2529 337 2592 Sed
354 2529 453 2592 utrdm
470 2529 607 2593 Aravisci
624 2531 652 2592 in
670 2529 856 2594 Pannoniam
873 2531 911 2592 ab
927 2529 1008 2606 Osis,
1025 2530 1104 2594 Ger·

103 2636 262 2679 manorum
288 2617 420 2692 natione,
450 2638 487 2678 an
517 2615 573 2678 Osi
597 2617 635 2678 ab
662 2618 814 2681 Araviscis
843 2617 871 2680 in
898 2615 1103 2696 Germaniam,

103 2703 376 2782 commigraverint,
402 2701 472 2764 edm
503 2702 611 2776 eodem
644 2703 742 2765 adhuc
768 2722 918 2778 sermone,
952 2703 1104 2780 institutis,

105 2788 237 2850 moribus
260 2803 391 2864 utantur,
414 2788 561 2850 incertum
579 2803 645 2851 est:
668 2789 748 2872 quia,
773 2789 835 2871 pari
852 2788 922 2850 olim
945 2788 1046 2872 inopiis
1068 2809 1104 2852 ac

103 2873 252 2948 libertate,
268 2875 375 2936 eadem
391 2875 545 2958 utriusque
562 2875 630 2956 ripae
646 2874 724 2936 bona
737 2873 876 2957 malaque
892 2889 986 2938 erant.
1025 2873 1105 2937 Tre·

21 3023 22 3028 ,
105 2959 167 3022 veri
183 2975 213 3022 et
230 2959 336 3023 Nervii
351 2961 431 3022 circa
446 2960 667 3022 affectationem
683 2959 874 3023 Germanica
892 2960 1012 3042 originis
1027 2959 1104 3024 ultrd

105 3045 253 3108 ambitiosi
282 3061 360 3122 sunt,
390 3060 532 3130 tanquam
563 3067 615 3130 per
640 3046 718 3109 hanc
748 3047 873 3127 gloriam
903 3047 1063 3128 sanguinis,
1087 3068 1105 3109 a

104 3131 297 3193 similitudine
311 3147 344 3194 et
360 3131 465 3195 inertid
477 3131 634 3194 Gallorum
650 3148 836 3215 separentur.
883 3131 984 3214 Ipsam
1001 3133 1106 3214 Rheni

104 3217 200 3298 ripam
218 3216 404 3280 hauddubie
427 3217 649 3280 Germanorum
665 3219 767 3302 populi
790 3216 903 3294 colu'nt,
919 3209 1104 3299 Vangi‘dneS,

105 3287 241 3378 Tribffi,
258 3283 417 3364 Nemdtes.
461 3301 511 3364 Ne
528 3303 598 3365 Ubii
624 3305 757 3386 quidem,
774 3325 945 3390 quanquam
963 3303 1106 3368 Romana

105 3387 225 3452 colonia
247 3408 313 3448 esse
337 3389 508 3464 meruerint,
525 3409 560 3450 ac
576 3389 715 3451 libentius
729 3389 983 3476 Agrippinenses,
999 3391 1106 3454 condi·

106 3474 178 3537 toris
192 3474 236 3536 sui
261 3473 392 3549 nomine,
409 3489 565 3548 vocentur,
580 3475 702 3556 origine·
717 3477 909 3553 erubescunt,
930 3478 1105 3560 transgressi

106 3560 177 3624 olim
194 3574 224 3622 et
239 3561 450 3642 experimento
469 3559 537 3622 fidei
561 3581 652 3642 super
672 3561 767 3644 ipsam
783 3563 886 3627 Rheni
901 3565 995 3650 ripam
1010 3564 1105 3628 collo·

20 3681 23 3698 ι
107 3646 176 3726 cati,
192 3661 225 3710 at
237 3662 386 3724 arcerent,
402 3667 462 3710 non
476 3662 510 3712 ut
522 3645 755 3711 custodirentur.
