2560 4258
176 321 217 390 Α.
235 325 275 390 C.
292 325 361 408 69.]
472 323 615 388 Hrsroa.
639 323 714 386 Lm.
739 280 940 386 Patruus.¹
1138 325 1177 385 lt
1271 359 1272 394 t

177 507 277 556 turum
293 491 383 554 etiam
399 489 568 566 Othonem,
579 489 629 574 qui
646 487 744 551 furtim
758 487 917 568 digressus,
930 485 968 548 ad
982 487 1099 569 ignaros
1115 486 1179 550 illa-

175 592 235 655 tus,
251 578 443 640 cunctatione
459 598 538 639 nunc
555 591 585 638 et
600 573 728 656 segnitie
743 573 903 636 terentium
920 587 1051 657 tempus,
1072 574 1180 636 imitari

177 665 352 747 Principem
369 663 474 725 discat.
521 659 591 723 Non
608 660 846 743 expectandum,
863 671 905 736 ut,
924 661 1097 742 compositis
1113 681 1179 723 cas·

176 751 239 828 tris,
268 749 363 813 lorum
394 748 525 824 invadat,
549 747 599 822 et,
619 760 831 830 prospectante
858 744 969 822 Galbb,
992 746 1178 829 Capitolium

176 837 284 899 adeat:
309 837 380 898 dum
397 835 535 916 egregius
562 832 739 915 Imperator,
762 853 832 894 curn
849 830 972 894 sortibus
995 834 1109 910 amicis,
1132 833 1179 918 jer-¹

176 922 237 986 oud
261 945 296 984 ac
320 922 422 984 limine
447 935 534 983 tenus
551 919 673 981 domum
696 919 801 994 cludit,
826 918 1012 980 obsidionem
1038 920 1177 982 nimirum

167 1010 367 1072 toleraturus.
414 1005 456 1070 Et
472 1006 645 1090 praclarum
663 1006 691 1067 in
708 1006 801 1067 servis
825 1005 980 1081 auxilium,
1004 1006 1028 1068 si
1051 1027 1179 1070 consen-

174 1109 331 1158 sustantes
348 1093 557 1169 multitudinis,
580 1105 621 1168 et,
646 1113 711 1175 quae
729 1091 888 1174 plurimam
905 1091 998 1168 valet,
1023 1093 1118 1176 prima
1133 1093 1178 1156 in·

177 1182 313 1265 dignatio
328 1181 532 1262 elanguescat.
580 1178 712 1241 Proinde
729 1179 833 1254 intuta,
851 1199 915 1260 quaa
932 1178 1091 1242 indecora:
1117 1179 1176 1256 vel,

176 1269 201 1330 si
217 1269 326 1330 cadere
342 1287 466 1330 necesse
490 1266 537 1342 sit,
556 1264 775 1328 occurrendum
792 1265 963 1326 discrimini.
1009 1263 1044 1327 Id
1060 1264 1177 1330 Othoni
1196 1267 1198 1274 '

176 1355 361 1429 invidiosius,
385 1367 414 1416 et
437 1353 508 1434 ipsis
525 1350 708 1413 honestum!
754 1351 990 1434 Repugnantem
1016 1351 1084 1414 huic
1109 1373 1178 1415 sen·
1205 1421 1208 1428 ,

176 1442 276 1503 tentiae
302 1439 424 1503 Vinium
453 1437 538 1500 Laco
561 1438 717 1500 minaciter
743 1437 859 1512 invasit,
886 1437 1058 1501 stimulante
1082 1437 1177 1519 lcelO,

177 1527 284 1611 privati
300 1527 359 1588 odii
378 1523 552 1609 pertinacia,
569 1525 598 1586 in
616 1524 768 1606 publicum
785 1524 923 1586 exitium.

220 1610 384 1675 XXXIV.
409 1611 478 1674 Nec
493 1610 603 1672 diutinis
619 1609 718 1672 Galba
733 1625 900 1687 cunctatus,
913 1611 1094 1694 speciosiora
1109 1624 1178 1676 sua·

176 1697 317 1761 dentibus
344 1697 480 1760 accessit.
527 1697 702 1760 Premissus
729 1711 830 1758 tamen
857 1697 885 1758 in
910 1713 1006 1760 castra
1031 1697 1114 1776 Piso,
1144 1715 1178 1764 ut
1265 1696 1272 1724 ‘¹

172 1783 294 1869 juvenis
311 1805 420 1864 magno
435 1783 567 1858 nomine,
578 1783 689 1846 recenti
707 1781 818 1858 lavore,
831 1795 862 1844 et
874 1782 1005 1846 infensus
1021 1783 1062 1846 T.
1074 1783 1177 1863 Vinio,

177 1889 232 1932 seu
248 1871 317 1953 quia
337 1883 413 1946 erat,
438 1891 491 1931 seu
515 1870 583 1954 quia
609 1870 674 1932 irati
701 1869 741 1931 ita
766 1869 926 1946 volebaot3
953 1886 984 1932 et
1007 1869 1121 1934 facilius
1138 1873 1176 1936 de

177 1955 247 2018 odio
262 1955 403 2018 creditur.
448 1953 511 2017 Vix
527 1955 598 2018 dum
615 1975 736 2038 egresso
752 1955 875 2033 Pisone,
899 1957 1032 2020 occisum
1058 1957 1087 2020 in
1112 1979 1179 2022 cas·
1271 1981 1272 2002 ¹

176 2041 229 2104 tris
244 2040 411 2118 Othonem,
422 2063 516 2123 vagus
534 2042 661 2124 primbm
674 2056 705 2104 et
717 2043 846 2105 incertus
862 2063 979 2106 rumor:
1005 2065 1088 2120 mox,
1102 2047 1175 2110 utin

176 2129 293 2210 magnis
309 2127 483 2204 mendaciis,
500 2127 668 2191 interfuisse
684 2129 848 2214 sequidem
864 2143 895 2192 et
911 2129 1032 2208 vidisse,
1048 2132 1178 2195 affirma-

176 2214 258 2291 bant,
275 2213 400 2278 credula
415 2213 513 2278 Fami
536 2216 612 2277 inter
635 2215 801 2298 gaudentes
817 2229 848 2278 et
864 2217 1037 2279 incuriosos.
1084 2217 1176 2283 Multi
1271 2255 1272 2264 .

169 2301 401 2378 arbitrabantur,
431 2303 632 2384 compositum
663 2315 845 2386 auctumque
876 2323 1038 2380 rumorem,
1074 2305 1175 2368 mixtis

170 2389 236 2474 jam
252 2387 444 2466 Othonianis,
464 2388 514 2472 qui
531 2388 568 2450 ad
585 2387 774 2450 evocandum
791 2387 921 2450 Galbam
937 2389 1004 2452 laeta
1020 2388 1099 2456 lalsb¹
1112 2391 1176 2456 vul·
1271 2393 1272 2396 ’

175 2475 322 2557 gaverint.

218 2559 364 2624 XXXV.
386 2560 469 2624 Turn
497 2561 570 2624 verb
594 2583 653 2634 non
681 2563 810 2647 populus
841 2564 956 2627 tantbm
982 2579 1013 2628 et
1037 2565 1175 2650 imperita

175 2647 261 2732 plebs
274 2649 303 2709 in
322 2647 441 2731 plausus
457 2663 488 2710 et
503 2648 663 2712 immodica
680 2651 787 2727 studia,
804 2651 857 2712 sed
875 2650 1022 2736 Equitum
1040 2653 1174 2739 plerique

173 2753 210 2796 ac
228 2733 418 2810 Senatorum,
436 2736 533 2816 posito
550 2751 631 2798 metu
649 2737 770 2812 incauti,
798 2735 930 2800 refractis
948 2739 1047 2821 palatii
1065 2738 1176 2804 loribus

172 2841 261 2883 ruere
277 2821 366 2897 intus,
391 2841 426 2882 ac
452 2842 485 2882 se
502 2820 606 2887 Galbae
623 2837 785 2898 ostentare,
803 2841 980 2907 praereptam
1005 2826 1060 2888 sibi
1089 2827 1177 2891 ultio-

174 2921 431 2991 nemquerentes.
478 2907 691 2988 Ignavissimus
707 2911 832 2993 quisque
849 2923 890 2992 et,
907 2925 937 2972 ut
955 2933 1001 2973 res
1017 2912 1129 2991 docuit,
1146 2914 1176 2978 in

174 2993 309 3077 periculo
325 3015 384 3054 non
401 3015 535 3070 ausurus,
561 2996 641 3057 nimii
668 2997 775 3071 verbis,
801 2997 908 3077 lingue
925 2996 1057 3064 seroces:
1083 3021 1174 3064 nemo

173 3080 260 3156 scire,
275 3094 307 3142 et
323 3099 428 3140 omnes
444 3080 609 3142 affirmare:
641 3080 738 3143 donec
755 3081 856 3164 inopiis
873 3083 945 3159 veri,
971 3098 1001 3146 et
1024 3106 1174 3150 consensu

173 3165 335 3228 errantium
353 3165 458 3242 victus,
474 3179 573 3228 sumto
588 3167 722 3243 thorace,
739 3165 849 3244 Galba,
863 3169 985 3232 innitenti
1002 3173 1104 3248 turbae,
1120 3195 1175 3236 ne-

114 3311 117 3318 .
172 3265 345 3337 que'aetate,
362 3273 461 3336 neque
477 3273 603 3334 corpore
619 3253 736 3330 sistens,
760 3253 834 3316 sella
850 3255 1009 3318 levaretur.
1055 3256 1174 3324 Obvius
1271 3319 1272 3324 ,

173 3339 202 3400 in
220 3339 331 3422 palatio
346 3337 445 3400 Julius
463 3339 592 3414 Atticus,
608 3340 789 3422 speculator,
806 3357 963 3404 cruentum
980 3344 1110 3424 gladium
1127 3368 1175 3410 os·

172 3437 302 3501 tantane,
320 3426 471 3487 ‘occisum
489 3447 506 3486 a
528 3445 561 3486 se
577 3424 744 3488 Othonem'
761 3428 955 3492 exclamavit.
1003 3429 1045 3492 Et
1062 3429 1172 3510 Galba,

173 3511 391 3586 ‘Commilito,'
416 3513 521 3596 inquit,
546 3513 627 3595 ‘quis
638 3511 726 3597 jussit
737 3513 759 3574 ?'
787 3514 892 3595 insigni
918 3515 1017 3577 animo
1033 3519 1069 3578 ad
1086 3539 1175 3582 coer·
1271 3581 1272 3600 ,

171 3599 300 3660 cendam
319 3598 476 3659 militarem
492 3599 656 3676 licentiam,
673 3600 853 3662 minantibus
870 3602 1046 3686 intrepidus,
1069 3604 1176 3670 adver·
1271 3623 1272 3650 ³

172 3683 222 3745 stis
239 3683 428 3746 blandientes
443 3684 643 3766 incorruptus·
1271 3753 1272 3774 ,

217 3767 381 3832 XXXVI.
407 3768 498 3834 Haud
515 3771 686 3856 dubiaejam
703 3773 852 3836 incastris
880 3775 1014 3837 omniurn
1038 3791 1172 3842 mentes:
1271 3777 1272 3792 ¹

171 3869 332 3945 tantusque
349 3857 445 3936 ardor,
467 3873 499 3921 ut
523 3881 581 3921 non
599 3859 733 4010 conppnti
750 3861 869 3944 agmine
885 3875 916 3924 et
938 3863 1121 3946 corporibus,
1144 3865 1174 3932 in
