2484 4316
125 191 187 255 lte
418 189 459 254 C.
483 187 592 254 Corui.
615 186 741 254 Tacrnr
920 188 974 271 [A.
990 183 1034 250 U.
1050 185 1140 250 822.
1222 211 1223 214 ¹

122 353 203 418 inani
219 349 399 416 serebantur.
445 351 572 438 Quippe
585 353 716 437 ipsorum
727 352 788 416 tela
803 372 858 436 per
873 353 1012 415 tenebras
1029 370 1136 414 vana:

123 439 257 504 Romani
273 441 466 522 conspicuam
491 440 682 502 barbarorum
707 440 815 514 aciem,
831 453 862 501 et
878 439 901 502 si
918 439 983 524 quis
999 435 1138 500 audacie

124 543 176 592 aut
186 527 351 608 insignibus
362 525 521 607 effulgens,
533 525 570 588 ad
583 527 675 588 ictum
688 526 889 588 destinabant.
936 523 1137 588 Intellectum

124 613 155 677 id
179 613 288 676 Civili:
311 626 352 688 et,
376 613 542 676 ‘restincto
566 613 646 694 igne,
670 612 788 676 misceri
807 625 918 674 cuncta
943 611 1076 674 tenebris
1106 624 1140 673 et

126 698 237 775 armis,'
256 699 355 783 jubet.
400 697 483 760 Tum
501 697 573 760 verd
597 700 739 782 strepitus
763 699 885 774 dissoni,
901 719 988 762 casus
1012 697 1137 773 incerti,

126 806 228 870 neque
245 783 379 860 leniendi,
396 805 495 870 neque
519 785 690 848 declinandi
712 785 912 870 providentia.
957 782 1050 846 Unde
1069 783 1140 846 cla·
1222 855 1223 864 χ

125 893 193 936 mor
209 871 367 946 acciderat,
390 872 595 953 circumagere
618 893 753 956 corpora,
777 871 904 934 tendere
927 892 1032 934 arcus:
1056 869 1137 934 nihil
1222 869 1223 880 ’

126 958 270 1042 prodesse
285 957 386 1034 virtus,
398 957 456 1020 sors
472 975 580 1021 cuncta
597 959 715 1021 turbare
728 975 757 1020 et
773 958 949 1040 ignavorum
964 955 1046 1040 saepit
1062 957 1137 1018 telis

126 1043 275 1108 fortissimi
301 1044 421 1108 cadere.
467 1045 559 1128 Apud
591 1043 761 1108 Germanos
787 1043 955 1108 inconsulta
978 1044 1038 1106 ira:
1064 1041 1137 1105 Ro·

125 1152 235 1196 manus
265 1131 351 1194 miles
380 1127 581 1215 periculorum
608 1153 726 1210 gnarus,
759 1131 882 1194 serratas
905 1131 1005 1207 sudes,
1028 1131 1138 1211 gravia

127 1238 212 1294 saxa,
228 1238 289 1280 non
313 1216 389 1280 sorte
404 1217 548 1302 jaciebat.
594 1216 657 1282 Ubi
681 1239 771 1280 sonus
796 1218 994 1294 molientium,
1010 1232 1062 1280 aut
1077 1237 1138 1300 ap-

125 1303 229 1388 positae
244 1304 330 1366 scalae
348 1304 464 1366 hostem
475 1304 503 1366 in
521 1325 625 1368 inanus
637 1305 793 1382 dederant,
807 1304 975 1388 propellere
986 1303 1136 1380 umbone,

127 1391 189 1474 pilo
203 1390 307 1475 sequi:
332 1390 452 1466 multos,
468 1391 497 1452 in
519 1391 630 1454 moenia
646 1411 793 1472 egressos,
814 1390 994 1474 pugionibus
1014 1389 1135 1452 fodere.

129 1477 181 1541 Sic
197 1475 347 1540 exhaustis
362 1492 460 1552 nocte,
477 1497 586 1539 novam
603 1477 700 1540 aciem
717 1477 781 1539 dies
796 1477 924 1560 aperuit.

173 1561 287 1626 XXX.
322 1563 504 1626 Eduxerant
541 1561 652 1626 Batavi
684 1564 798 1640 turrim,
836 1563 949 1647 duplici
986 1563 1136 1641 tabulato,

131 1673 234 1736 quam,
250 1649 399 1714 Pretoriae
428 1663 519 1734 porte
543 1650 580 1729 (is
603 1649 788 1734 equissimus
812 1649 912 1734 locus)
930 1651 1138 1735 propinquan-

68 1756 72 1765 '
130 1753 204 1814 tem,
222 1737 346 1821 promoti
367 1735 474 1800 contria
488 1736 576 1798 validi
599 1757 714 1800 asseres
736 1751 767 1800 et
793 1737 918 1800 incussae
942 1737 1040 1800 trabes
1064 1759 1137 1821 pcr-

131 1822 261 1906 fregdre,
281 1821 376 1886 multh
397 1823 629 1906 superstantium
654 1823 798 1906 pernicie.
844 1821 1078 1909 Pugnatumque
1104 1824 1135 1886 in

132 1909 287 1994 perculsos
303 1907 402 1971 subitis
417 1923 447 1972 et
472 1907 616 1992 prosperis
638 1910 807 1994 eruptione.
853 1909 949 1974 Simul
966 1931 983 1972 a
999 1911 1137 1992 legiona-

129 1997 192 2071 riis,
214 1993 321 2079 peritial
336 2008 367 2057 et
382 2008 445 2058 arte
461 1996 676 2079 prestantibus,
700 1997 784 2079 plura
804 1997 1005 2060 struebantur.
1051 1995 1137 2060 Prac-

131 2082 254 2166 cipuum
271 2102 412 2164 pavorem
429 2081 526 2146 intulit
543 2103 722 2166 suspensum
739 2099 770 2147 et
785 2096 892 2146 nutans
908 2084 1137 2147 machinamen-

132 2183 207 2245 tum,
235 2189 294 2253 quo
324 2167 449 2251 repente
480 2168 621 2246 demisso,
653 2185 758 2253 preter
786 2191 908 2233 suorum
939 2191 991 2232 ora
1025 2170 1136 2252 singuli

132 2256 272 2341 pluresve
289 2253 417 2318 hostium
440 2254 568 2318 sublime
584 2255 671 2338 rapti,
689 2277 775 2320 verso
796 2256 929 2339 pondere
945 2256 1021 2318 intra
1035 2271 1136 2320 castra

133 2341 375 2404 effundebantur.
421 2339 539 2418 Civilis,
551 2340 664 2404 emissit
678 2342 871 2425 oppugnandi
883 2363 948 2426 spe,
964 2363 1064 2406 rursus
1078 2363 1137 2425 per

134 2428 227 2576 otipm
243 2426 403 2504 assidebat,
423 2428 532 2492 nuntiis
555 2441 586 2491 et
600 2429 752 2513 promissis
773 2428 864 2492 fidem
884 2428 1037 2510 legionum
1060 2449 1135 2492 cou-

135 2535 173 2578 ve
198 2535 262 2576 ens.
884 2574 887 2580 .

177 2598 308 2664 XXXI.
333 2599 409 2664 Haec
434 2602 464 2666 in
483 2600 650 2666 Germanii
673 2618 742 2668 ante
765 2602 976 2668 Cremonense
999 2603 1133 2688 praelium

134 2701 230 2770 gesta,
245 2687 330 2774 cujus
346 2705 488 2754 eventum
505 2690 597 2754 literae
615 2689 709 2754 Primi
727 2691 850 2756 Antonii
874 2689 1016 2768 docuere,
1032 2691 1135 2754 addito

134 2775 264 2838 Caecinae
288 2775 399 2840 edicto.
445 2774 487 2840 Et
510 2776 673 2842 Praelectus
695 2779 826 2842 cohortis
852 2779 983 2856 evictis,
1006 2777 1134 2862 Alpinus

132 2859 312 2938 Montanus,
336 2861 482 2926 fortunam
506 2865 631 2948 partium
656 2885 786 2948 presens
810 2864 965 2930 fatebatur.
1011 2863 1133 2928 Diversi

135 2949 207 3014 hinc
219 2965 316 3012 motus
328 2949 505 3014 animorum.
538 2951 660 3014 Auxilia
672 2971 689 3012 e
700 2950 811 3028 Gallia,
825 2949 890 3036 quis
902 2973 959 3014 nec
971 2973 1064 3027 amor,
1076 2971 1134 3014 nec

135 3037 238 3100 odium
256 3036 284 3100 iu
302 3051 412 3120 partes,
429 3037 532 3100 militia
547 3038 610 3100 sine
632 3037 754 3113 affectu,
771 3039 954 3102 hortantibus
970 3035 1131 3114 Praclectis,

136 3124 236 3186 statim
264 3143 281 3186 a
311 3120 433 3186 Vitellio
474 3123 664 3188 desciscunt:
699 3139 786 3188 vetus
816 3123 901 3188 miles
926 3125 1133 3188 cunctabatur.

137 3208 198 3272 Sed
216 3209 356 3289 adigente
371 3207 547 3274 Hordeonio
563 3209 688 3288 Flacco,
704 3211 880 3275 instantibus
890 3210 1044 3287 Tribunis,
1060 3210 1134 3275 dixit

135 3308 368 3371 sacramentum,
384 3317 443 3358 non
459 3297 553 3373 vultu,
569 3317 668 3382 neque
687 3299 798 3374 animo,
813 3295 884 3361 satis
899 3299 1068 3360 affirmans:
1090 3309 1131 3373 et,

135 3379 205 3444 crim
229 3394 330 3443 cetera
351 3379 543 3466 jurisjurandi
572 3385 662 3446 verba
686 3385 892 3467 conciperent,
923 3383 1131 3467 ‘Vespasiani’

135 3487 248 3530 nomen
266 3466 445 3545 hesitantes,
458 3483 509 3532 aut
524 3471 583 3534 levi
600 3492 752 3534 murmure
765 3486 795 3534 et
809 3471 986 3555 plerumque
1002 3469 1130 3548 silentio,

134 3551 383 3616 transmittebant.

132 3695 135 3704 ,
179 3635 323 3702 XXXlI.
347 3636 451 3705 Lectae
474 3641 585 3706 deinde
609 3665 664 3726 pro
684 3643 831 3706 concinne
855 3642 988 3727 epistolae
1011 3641 1129 3706 Antonii

134 3724 172 3790 ad
202 3723 346 3804 Civilem,
369 3726 555 3810 suspiciones
579 3729 705 3794 militum
732 3729 897 3810 irritavdre,
924 3743 1066 3815 tanquam
1091 3729 1128 3794 ad
