2560 4258
178 321 223 388 A.
240 319 281 389 C.
294 323 362 406 69.]
500 321 893 392 Hrsaoa.L1a.P1a1uus.
1158 328 1180 392 9

178 503 237 553 tue
258 487 414 573 adjecisse.
460 485 552 552 Nunc
567 509 627 566 me,
644 487 781 552 Deorum
797 489 1013 575 bominumque
1028 511 1179 556 consensu

178 577 217 640 ad
233 575 398 657 Imperium
412 588 561 652 vocaturn,
578 575 718 660 preclara
733 575 849 638 indoles
864 591 914 638 tua
931 591 960 640 et
975 599 1060 640 amor
1077 578 1178 662 patriae

176 662 304 746 impulit,
320 677 352 723 ut
365 661 583 744 Principatum,
599 662 710 746 dequo
726 661 853 746 majores
868 664 959 726 nostri
975 664 1063 727 armis
1078 678 1177 728 certa·

178 749 262 824 bant,
293 747 373 810 bello
399 747 537 830 adeptus,
568 749 733 832 quiescenti
764 748 899 826 offeram,
929 750 1074 833 exemplo
1104 749 1178 814 Divi

178 834 322 916 Augusti,
354 834 404 917 qui
430 835 538 897 sororis
566 835 671 911 filium,
701 833 895 910 Marcellum,
925 835 993 898 dein
1021 857 1178 917 generum,
1225 840 1227 844 ’

178 921 360 1003 Agrippam,
371 941 443 982 mox
453 933 579 1003 nepotes
589 941 669 997 suos,
679 919 831 1004 postremb
840 919 998 984 Tiberium
1011 921 1178 1000 Neronem,

177 1007 358 1092 privignum,
383 1007 412 1069 in
439 1008 578 1090 proximo
600 1007 655 1070 sibi
678 1007 795 1088 fastigio
816 1007 986 1071 collocavit.
1033 1008 1094 1072 Sed
1113 1009 1179 1072 Au·

177 1107 282 1176 gustus
305 1094 334 1154 in
356 1093 446 1155 domo
461 1114 666 1156 successorem
683 1094 836 1176 quaesivit;
859 1114 928 1176 ego,
943 1094 972 1158 in
989 1093 1178 1176 Republicd;

176 1201 237 1243 non
248 1179 317 1264 quia
331 1179 513 1262 propinquos
523 1193 574 1242 aut
585 1179 681 1244 socios
692 1180 760 1242 belli
773 1201 831 1242 non
843 1180 969 1244 habeam
982 1201 990 1257 3
1013 1182 1065 1243 sed
1077 1202 1177 1266 neque

174 1265 240 1351 ipsa
261 1265 426 1348 Imperium
442 1266 604 1328 ambitione
620 1266 743 1349 accepi:
768 1280 798 1328 et
813 1265 917 1350 judicii
935 1268 993 1330 mei
1010 1267 1176 1330 documen-

175 1365 241 1415 tum
256 1352 315 1414 sint
330 1373 389 1413 non
406 1373 479 1414 meae
495 1351 611 1415 tantiam
627 1352 873 1424 necessitudines,
895 1375 968 1436 quas
983 1353 1035 1416 tibi
1053 1369 1177 1437 postpo-

174 1439 231 1518 sui,
247 1437 300 1501 sed
318 1451 349 1499 et
365 1453 433 1501 tuae.
480 1437 537 1501 Est
553 1439 604 1502 tibi
621 1437 711 1502 frater
723 1440 784 1521 pari
801 1439 966 1516 nobilitate,
982 1455 1052 1502 natu
1069 1439 1176 1525 major,

174 1523 283 1606 dignus
300 1525 356 1586 hac
372 1522 500 1602 sortunb,
516 1525 571 1590 nisi
587 1539 618 1588 tu
636 1525 733 1608 potior
748 1547 840 1588 esses.
887 1525 935 1589 Ea
952 1543 1020 1590 aetas
1033 1541 1094 1603 tua,
1108 1549 1175 1610 quas

173 1611 355 1696 cupiditates
365 1611 574 1674 adolescentie
586 1610 649 1697 jam
663 1611 818 1692 effugerit:
843 1633 879 1674 ea
896 1613 965 1689 vita,
982 1613 1010 1674 in
1025 1611 1086 1696 qua
1101 1613 1174 1676 nibil

173 1698 355 1783 praeteritum
372 1698 578 1761 excusandum
596 1699 718 1760 babeas.
764 1697 929 1760 Fortunam
947 1699 1045 1761 adhuc
1058 1698 1175 1762 tantiam

172 1784 331 1848 adversam
356 1784 467 1862 tulisti3
500 1784 640 1847 secundae
663 1805 711 1846 res
734 1784 895 1847 acrioribus
917 1784 1043 1848 stimulis
1060 1785 1175 1848 animos

173 1869 344 1953 explorant,
368 1871 437 1953 quia
455 1871 579 1933 miseriae
595 1870 769 1946 tolerantur,
786 1869 926 1933 felicitate
942 1872 1173 1954 corrumpimur.

173 1953 294 2030 Fidem,
308 1957 487 2034 libertatem,
500 1957 671 2032 amicitiam,
685 1958 834 2040 precipua
847 1958 967 2020 humani
980 1958 1069 2020 animi
1084 1960 1173 2036 bona,

173 2054 206 2106 tu
230 2043 351 2127 quidem
375 2041 483 2106 eadem
506 2041 676 2106 constantia
690 2044 848 2106 retinebis:
881 2045 935 2107 sed
952 2045 1000 2108 alii
1017 2066 1071 2128 per
1085 2046 1175 2108 obse-

171 2128 275 2214 quium
288 2129 477 2192 imminuent.
522 2130 672 2214 irrumpet
682 2130 823 2208 adulatio,
837 2131 996 2207 blanditie,
1010 2133 1174 2214 pessimum

170 2215 235 2278 veri
258 2214 385 2276 affecttis
408 2237 571 2294 venenum,
593 2238 648 2279 sua
670 2217 780 2300 cuique
803 2219 925 2280 utilitas.
971 2217 1052 2300 Ego,
1073 2241 1108 2282 ac
1127 2233 1172 2298 tu,

170 2301 390 2385 simplicissime
421 2302 498 2364 inter
523 2323 578 2365 nos
601 2302 691 2366 hodie
718 2304 885 2388 loquimur:
917 2305 1009 2366 ceteri
1032 2305 1173 2370 libentius

169 2407 240 2450 cum
253 2386 372 2450 sortund
382 2387 482 2450 nostrai
494 2388 583 2472 quam
597 2389 763 2452 nobiscum.
799 2389 880 2454 Nam
889 2392 1015 2454 suadere
1025 2389 1172 2476 Principi‚

169 2473 252 2558 quod
278 2488 426 2556 oporteat,
451 2475 536 2538 multi
562 2475 686 2539 laboris:
718 2479 880 2541 assentatio
902 2499 973 2560 erga
995 2477 1171 2563 Principem

169 2577 393 2646 quemcumque
409 2561 473 2623 sine
488 2561 599 2624 affectu
616 2565 777 2644 peragitur.

211 2645 305 2710 XVl.
330 2645 448 2708 ‘Etiam
472 2647 497 2710 si
519 2648 699 2710 immensum
724 2649 846 2732 Imperii
868 2672 978 2734 corpus
992 2665 1070 2714 stare
1086 2673 1121 2714 ac
1134 2652 1171 2716 li·

167 2730 245 2795 brari
268 2733 332 2796 sine
355 2747 471 2796 rectore
498 2748 610 2817 posset,
634 2735 741 2816 dignus
764 2757 857 2810 eram,
873 2759 890 2799 a
907 2759 966 2820 quo
981 2738 1171 2822 Respublica

167 2817 332 2902 inciperet:
357 2841 437 2882 nunc
453 2821 491 2882 eb
506 2821 693 2883 necessitatis
708 2821 772 2906 jam
790 2823 904 2904 pridem
923 2838 1046 2906 ventum
1061 2839 1119 2900 est,
1135 2838 1169 2889 ut

167 2923 226 2964 nec
248 2924 316 2966 mea
338 2919 478 2968 senectus
500 2905 637 2970 conserte
661 2906 728 2989 plus
751 2907 873 2989 Populo
897 2907 1039 2972 Romano
1062 2911 1167 2992 possit,

168 2987 257 3072 quam
275 2989 386 3052 bonum
401 3012 618 3068 successorem,
634 3014 692 3055 nec
708 3008 757 3055 tua
776 2994 842 3076 plus
854 2993 992 3079 juventa,
1008 2995 1097 3078 quam
1115 2997 1170 3059 bo·

166 3094 239 3136 num
262 3073 447 3159 Principem.
494 3077 559 3140 Sub
581 3077 706 3140 Tiberio
726 3094 757 3141 et
781 3078 860 3142 Caio
875 3096 905 3144 et
921 3079 1064 3157 Claudio,
1079 3081 1168 3146 unius

165 3158 283 3224 familie
307 3163 391 3245 quasi
414 3163 571 3226 baereditas
594 3162 723 3228 suimus:
754 3165 822 3228 loco
837 3167 979 3228 libertatis
994 3167 1062 3243 erit,
1084 3166 1167 3252 quod

165 3245 235 3329 eligi
250 3249 411 3330 coepimus.
457 3247 510 3327 Et,
526 3248 609 3314 finita
622 3248 771 3313 Juliorum
788 3250 1047 3337 Claudiorumque
1063 3253 1166 3332 domo,

163 3333 312 3415 optimum
344 3356 496 3420 quemque
523 3337 646 3419 adoptio
671 3337 814 3400 inveniet.
869 3335 949 3400 Nam
974 3340 1108 3420 generari
1136 3355 1167 3407 et

163 3419 246 3480 nasci
262 3441 279 3481 a
295 3419 498 3504 Principibus,
513 3421 681 3499 fortuitum,
698 3444 754 3485 nec
776 3423 854 3486 ultrd
868 3426 1048 3489 estimatur:
1071 3427 1167 3510 adop·

164 3503 247 3566 tandi
272 3505 421 3589 judicium
447 3508 616 3590 integrum3
648 3523 689 3584 et,
715 3509 738 3571 si
765 3510 839 3572 velis
862 3511 985 3590 eligere,
1015 3533 1165 3576 consensu

162 3603 355 3654 monstratur.
402 3592 448 3656 Sit
463 3609 531 3658 ante
547 3595 652 3656 oculos
668 3593 762 3671 Nero,
786 3617 888 3680 quem,
904 3595 995 3679 tongt
1009 3598 1165 3664 Casurum

162 3675 240 3739 serie
264 3691 443 3756 tumentem,
467 3701 526 3743 non
544 3679 679 3756 Vindex,
702 3703 771 3745 cum
796 3683 900 3746 inermi
925 3683 1089 3766 provincis,
1111 3698 1164 3750 aut

161 3780 221 3842 ego
229 3783 298 3824 cum
312 3764 373 3826 unt
385 3765 513 3846 legione,
529 3767 582 3830 sed
598 3787 652 3830 sua
668 3769 847 3842 immanitas,
860 3790 913 3832 sua
924 3769 1053 3846 luxuria,
1064 3771 1162 3834 cervi·

161 3845 246 3914 cibus
261 3849 389 3934 publicis
405 3851 569 3938 depulerat
593 3873 692 3940 neque
708 3870 772 3918 erat
783 3855 882 3920 adbuc
894 3855 1025 3920 damuati
1042 3855 1160 3922 Princi-¹
