2556 4446
463 349 715 398 nonna—soon
738 349 775 394 ιι
1072 323 1136 386 263

172 495 331 560 Conflttentea
351 494 596 556 Paraetacene]
635 494 706 548 Now
726 495 809 541 Bucco
825 489 933 551 d'Adde,
953 501 1018 563 near
1039 487 1139 537 Castel-

140 578 242 628 Nuovo

171 659 238 710 Sect.
250 661 291 710 42.
308 658 438 710 Attonitos
448 658 530 708 subito
540 662 634 708 terrore
650 655 755 718 mentes]
787 655 852 704 Hoeo
863 667 944 702 causa
960 651 1066 702 terroris
1081 653 1140 716 tuit,

141 742 208 806 quod
220 741 363 791 Othoniani
372 755 416 803 qu1
410 740 599 804 'sperabanta'e
610 739 767 789 Vitellianos
775 737 825 786 de
818 735 960 800 improviso
970 743 1143 824 occupaturos

141 837 205 886 esse,
216 824 268 886 ipsi
279 823 339 872 ab''
321 837 354 872 ns
361 821 481 886 occupati
492 831 558 888 supt.

173 905 241 954 Sect.
251 905 289 954 43.
324 904 432 966 imputet
441 903 545 966 rursus]
578 901 713 963 Vicissim,
724 915 782 950 vtce
792 915 876 963 versa,
887 914 941 954 non
951 913 1013 950 vero
1023 898 1127 948 iterum

169 991 275 1050 Aperte
287 1003 303 1035 o
304 987 354 1048 tio]
387 987 406 1036 i.
417 1001 438 1035 e.
455 986 562 1034 sinistra
571 984 779 1034 Othonianorum
789 982 842 1032 ala

171 1071 242 1120 Sect.
254 1071 292 1119 44.
311 1073 466 1118 Immensum
476 1069 506 1117 ut
512 1065 639 1130 aputeum]
673 1062 801 1130 Respecto
812 1065 978 1135 fugientium,
990 1063 1035 1162 qui
1053 1063 1144 1114 delati·

142 1153 204 1217 gati,
215 1167 275 1216 pars
287 1150 513 1200 etiamvulnerati.

175 1234 244 1284 Soet.
255 1235 295 1284 46.
315 1231 534 1293 Consiliicertus]
567 1231 586 1280 i.
597 1245 619 1280 e
636 1229 686 1280 sibi
700 1236 811 1300 mortem
830 1227 1144 1291 consciscend1‚s1vrctns

146 1323 219 1365 esset.
729 1297 749 1373 ’χ

176 1399 277 1446 Furore
285 1396 393 1458 quodum
404 1399 426 1444 et
435 1395 577 1458 instincto]
611 1396 664 1446 Pro
675 1396 784 1459 quodum
795 1391 1039 1453 instinctusuroris.

179 1477 293 1540 Clamor]
327 1478 413 1528 Laetus
430 1479 556 1528 nimirum
567 1479 611 1528 ubi
623 1479 692 1528 Otho
694 1477 807 1542 flexerat
816 1479 926 1536 otidum,
942 1483 1066 1538 tanquam
1076 1477 1147 1526 obse-

147 1569 254 1612 cuturus
265 1561 490 1622 militum-studiis,
497 1563 612 1626 gentilos
622 1575 692 1621 vero,
704 1560 808 1622 quando
818 1559 994 1608 induraverat.

178 1645 246 1694 Sect.
259 1643 297 1692 ot.
316 1644 427 1706 Experti
438 1643 547 1692 invicem
557 1656 656 1698 eumue,
673 1656 720 1705 ego
737 1655 767 1688 oc
775 1639 901 1702 fortuna]
935 1641 1071 1690 Fortunam
1082 1639 1148 1688 Otho

146 1733 267 1788 expertus
278 1737 340 1781 erat,
348 1741 405 1772 cum
418 1725 549 1790 imperinm
560 1730 608 1771 tam
618 1725 689 1772 brevi
697 1725 844 1771 duraturum
854 1725 1006 1786 accepisset3
1024 1722 1147 1770 Othonem

148 1813 232 1858 autem
244 1807 351 1864 fortuna,
363 1821 422 1854 cum
435 1807 457 1854 is
474 1812 544 1890 reete
564 1807 725 1870 modesteque
746 1801 899 1868 imperasset,
916 1806 1061 1868 fortiterque
1081 1805 1147 1854 abdi·

147 1891 234 1942 caret.³
325 1887 328 1893 ’

181 1974 314 2024 Μὶὴὶιιοιι
322 1971 431 2034 ultione]
466 1971 543 2021 Refer
552 1974 581 2020 ad
593 1936 766 2044 precedentis
800 1973 866 2024 Nolo
875 1973 962 2020 ulcisci
972 1971 1147 2021 Vitelliumin-

150 2057 301 2106 tetficiendis
314 2055 398 2113 fratre,
410 2055 527 2120 conjuge,
539 2056 632 2112 liberis,
640 2061 666 2103 et
676 2070 710 2104 ex
722 2056 770 2104 laec
781 2056 875 2104 ultione
885 2055 970 2123 solstiti
975 2057 1036 2104 mali
1045 2063 1142 2119 petere.

183 2141 249 2190 Sect.
261 2142 300 2187 48.
319 2140 385 2187 Post
397 2139 489 2196 Iulios,
510 2138 643 2196 Claudios,
660 2139 771 2202 Servios]
805 2140 945 2201 Augustus,
957 2139 1082 2196 Tiberius,
1102 2140 1150 2188 and

152 2224 274 2288 Caligula,
285 2237 359 2272 were.
370 2222 398 2270 ol
410 2223 452 2269 the
468 2222 554 2278 Julian
573 2222 640 2282 lioe;
659 2222 787 2279 Claudius,
804 2224 850 2269 and
868 2222 948 2286 Nero,
961 2223 1005 2284 (by
1017 2223 1149 2285 adoption,)

152 2321 221 2356 were
232 2306 259 2354 ol
268 2307 309 2354 tho
322 2306 457 2366 Claudion3
474 2305 553 2354 Galba
565 2319 616 2354 was
631 2304 660 2353 ot‘
672 2305 714 2354 tlte
726 2305 804 2354 house
815 2304 843 2352 oi
856 2297 971 2364 Servius3
988 2306 1060 2364 Otho,
1071 2305 1100 2354 ol
1106 2305 1149 2354 the

153 2390 252 2441 Salvian
264 2391 357 2451 lamily
898 2398 903 2403 ’

186 2473 253 2523 Soet
265 2475 304 2520 49
325 2448 616 2536 Cetelrotumtdgenus
626 2431 728 2534 mortis]
762 2471 815 2519 ie.
832 2469 958 2533 frequens
1024 2458 1028 2466 ’

186 2555 252 2604 Seet
271 2557 309 2602 50.
333 2553 412 2616 Apud
432 2555 558 2618 Regium]
593 2554 703 2620 Regium
725 2569 777 2604 was
799 2555 874 2602 about
894 2553 982 2608 fifteen
998 2555 1070 2603 miles
1089 2553 1151 2602 from

154 2639 297 2695 Brixillum,
310 2638 396 2686 where
408 2638 472 2686 Otho
483 2640 547 2687 died
887 2660 894 2664 ³
1083 2664 1087 2668 ·

191 2723 363 2787 Celebritoco]
396 2725 411 2771 i.
424 2737 447 2772 e
464 2725 572 2788 manime
584 2703 864 2784 frequentiaoelebrato.

188 2807 254 2856 Soet.
267 2810 306 2854 52.
327 2807 394 2855 Ordo
406 2805 578 2866 Mutinensia]
611 2805 795 2870 Mutineoaium
806 2808 962 2864 decuriones,
972 2809 1026 2857 sive
1042 2812 1155 2866 senatus,

93 2919 97 2928 ·
157 2893 232 2956 quiin
245 2889 386 2950 municipiis
396 2896 422 2936 et
430 2889 541 2944 coloniis,
550 2887 704 2948 simpliciter,
716 2886 776 2935 ordo
788 2890 930 2942 vocabatur.

188 2973 254 3020 Sect.
272 2975 311 3018 ot.
334 2971 369 3018 Ut
386 2968 527 3031 diplomata
547 2967 665 3030 Otltotu‘s]
698 2969 753 3017 The
771 2976 901 3032 passports,
918 2971 997 3027 called
1014 2973 1154 3034 diplomata

161 3054 277 3110 Othonis,
290 3069 357 3102 were
370 3055 473 3117 granted
483 3053 519 3102 sor
530 3054 572 3101 the
582 3054 719 3116 protection
729 3039 757 3102 ol
765 3053 885 3100 travelers
896 3054 944 3110 and
956 3067 1121 3118 messengers.

189 3139 255 3186 Sect.
268 3141 307 3185 56.
329 3135 443 3190 Cereales
460 3135 526 3199 ludi]
559 3136 615 3186 The
632 3135 729 3208 septival
744 3134 772 3183 ot
786 3133 863 3184 Ceres
879 3137 960 3198 began
975 3150 1008 3184 on
1024 3136 1067 3184 the
1084 3137 1154 3188 nine-

158 3221 371 3282 teenthotnprn.
1003 3207 1004 3210 ’

191 3306 257 3354 Seot.
270 3307 308 3352 56.
326 3301 405 3352 Avidi
421 3307 468 3351 out
479 3301 597 3364 'nenclesl
631 3301 682 3351 Sua
697 3302 805 3364 ipsorum
826 3301 927 3349 avaritia
942 3301 1052 3365 impulsi,
1068 3307 1111 3350 aut
1127 3304 1157 3352 ab

158 3390 211 3437 aliis
223 3388 302 3450 pretio
310 3388 378 3434 emti.
528 3393 531 3396 ·

191 3471 259 3520 Plus
271 3465 433 3548 ambitiones]
467 3467 553 3549 quue
565 3465 747 3515 dissimulator
737 3467 877 3530 rapinarum
886 3465 911 3513 in
921 3465 1008 3524 milite,
1017 3467 1090 3530 cnjus
1101 3481 1156 3534 gra·

159 3556 218 3604 tiam
230 3556 351 3616 captabat.

101 3675 103 3679 .
191 3637 257 3685 Sect.
270 3638 308 3682 58.
340 3635 481 3694 Utrumque
498 3629 708 3693 Mauretaniam]
742 3631 901 3680 Mauretania
917 3631 1084 3694 Ceaeriensls,
1100 3649 1158 3684 now

158 3718 283 3782 Algiers;
302 3717 460 3764 Metiretania
471 3715 613 3792 Tingitana,
624 3729 680 3763 now
692 3715 745 3764 nea
757 3713 812 3762 ond
822 3716 950 3764 Moroeeo.

190 3798 401 3866 augustofreto]
434 3799 490 3848 The
503 3797 589 3846 Sueits
599 3797 628 3846 oi
635 3797 767 3846 Gibraltar.
