2508 4254
115 203 160 271 A.
177 203 217 270 0.
233 204 302 288 69.]
402 201 543 270 Hieron.
567 203 643 268 Lru.
665 202 831 270 Tanarus.
1056 207 1120 270 119

161 369 269 434 LXll.
292 367 404 432 lisdem
420 369 526 433 diebus
542 365 655 432 Fabius
669 367 784 432 Valens
801 367 907 432 Urbini
930 368 959 432 iu
982 370 1120 435 custodiri

116 457 302 522 interficitur.
347 457 448 540 Caput
462 455 527 540 ejus
541 451 709 519 Vitellianis
731 456 903 520 cohortibus
925 469 1117 535 ostentatum,

117 565 158 606 ne
182 564 271 628 quarn
294 541 373 606 ultrb
393 565 480 627 spem
496 541 649 606 soverent:
677 563 757 620 nam,
784 542 971 626 ‘pervasisse
994 543 1023 606 iu
1040 542 1121 608 Ger·

116 631 232 694 manias
247 627 422 706 Valentem,
437 643 468 694 et
485 643 602 692 veteres
617 629 677 692 illic
691 651 846 715 novosque
861 629 1013 694 exercitus
1027 631 1119 694 ciere’

86 795 98 806 ι
116 716 294 781 credebaut.
338 713 414 778 Visa
427 715 510 778 caede
531 715 561 778 in
577 715 817 798 desperationem
835 716 929 779 versi:
954 729 985 778 et
1000 715 1121 780 Flavia-

116 825 175 868 nus
191 802 352 879 exercitus,
379 802 510 865 immane
555 817 679 865 uantum
704 803 804 864 animo
826 803 951 865 exitium
970 800 1118 882 Valentis,

103 893 151 954 'ut
162 889 253 952 finem
267 889 347 966 belli,
357 889 486 972 accepit.
525 824 624 951 ldatus
635 903 699 952 erat
707 887 819 952 Valens
831 883 988 972 Anagbiae,
1001 888 1121 975 Eques-

116 977 155 1042 tri
170 974 300 1038 familiis:
322 996 435 1059 procax
458 975 600 1051 moribus,
627 996 727 1059 neque
753 975 899 1038 absurdus
925 976 1055 1058 ingenio,
1077 975 1093 1040 s
1106 1013 1121 1028 ·

117 1085 201 1128 mam
226 1062 398 1126 urbanitatis
422 1083 477 1147 per
498 1061 653 1124 lasciviam
681 1077 794 1145 petere.
840 1060 974 1125 Ludicro
991 1062 1121 1147 juvena-

116 1150 192 1214 lium
208 1150 264 1211 sub
279 1146 414 1226 Nerone,
431 1149 513 1212 velut
528 1169 568 1211 ex
584 1149 775 1226 necessitate,
791 1169 863 1211 mox
878 1162 996 1234 sponte,
1012 1150 1120 1214 mimos

118 1236 264 1311 actitavit,
289 1234 364 1298 s'citb
389 1233 494 1316 magis,
521 1234 611 1320 quim
636 1234 741 1320 probb.
788 1233 923 1318 Legatos
948 1235 1074 1318 legionis
1089 1251 1121 1300 et

118 1321 195 1386 fovit
212 1319 380 1404 Virginium
404 1335 435 1384 et
457 1319 622 1384 infamavit.
668 1319 831 1384 Fonteium
847 1319 1030 1405 Capitonem
1053 1345 1121 1387 cor·

118 1421 252 1493 ruptum,
268 1429 321 1471 seu
338 1409 408 1493 quia
423 1428 616 1490 corrumpere
632 1408 818 1492 nequiverat,
840 1406 998 1471 interiecit.
1045 1409 1120 1474 Gal·

119 1497 165 1560 bae
181 1495 331 1579 proditor:
359 1493 483 1558 Vitellio
497 1494 574 1556 fidus
585 1507 616 1557 et
628 1494 752 1557 aliorum
770 1493 895 1578 perfidia
909 1495 1082 1558 illustratus.

164 1579 286 1647 LXlll.
309 1580 451 1664 Abruptb
465 1580 597 1665 undique
618 1601 682 1665 spe,
700 1579 880 1644 Vitellianus
896 1581 993 1659 miles,
1015 1583 1121 1646 trausi-

119 1684 204 1734 turus
219 1669 248 1730 in
265 1683 374 1752 partes,
390 1668 419 1730 id
436 1689 556 1752 quoque
580 1689 638 1729 nou
662 1668 726 1730 siue
741 1667 863 1744 decore,
890 1667 944 1728 sed
959 1667 1015 1730 sub
1030 1669 1121 1748 signis

118 1755 298 1840 vexillisque
314 1755 343 1818 in
359 1753 511 1840 subjectos
526 1751 647 1816 Narniae
667 1775 791 1836 campos
807 1753 1004 1816 descendere.
1051 1753 1122 1818 Fla·

106 1843 223 1906 vianus
235 1841 398 1918 exercitus,
411 1855 443 1903 ut
458 1840 495 1903 ad
512 1839 656 1924 prelium,
669 1841 800 1903 intentus
815 1853 1009 1925 ornatusque,
1021 1841 1122 1906 densis

118 1930 200 1994 circa
216 1929 294 1992 viam
310 1928 472 2004 ordinibus,
497 1927 638 1991 astiterat.
683 1927 813 2010 Accepti
829 1927 858 1990 iu
875 1927 1007 1990 medium
1023 1926 1121 1992 Vitel-

118 2017 209 2081 liani:
241 2029 272 2078 et
286 2015 486 2078 circumdatos
502 2013 622 2077 Primus
637 2013 786 2076 Antonius
806 2014 973 2078 clementer
994 2015 1120 2100 alloqui-

118 2118 185 2168 tur:
210 2109 299 2185 ‘pars
315 2100 447 2178 Narnia,
476 2122 543 2183 pars
567 2099 746 2164 Interamna
768 2101 939 2164 subsistere’
951 2100 1047 2186 jussi:
1073 2124 1122 2165 re-

117 2191 197 2254 lictae
226 2188 314 2251 simul
345 2209 362 2251 e
393 2187 564 2252 victricibus
593 2187 737 2268 legiones,
768 2209 868 2272 neque
892 2187 1120 2337 1spuiescentibus

118 2297 237 2362 graves,
264 2289 295 2338 et
320 2274 463 2338 adversus
485 2275 706 2338 contumaciam
730 2274 846 2338 valide.
924 2296 963 2338 on
991 2275 1120 2339 omisere

119 2386 175 2450 per
197 2384 250 2426 eos
269 2362 334 2424 dies
349 2360 469 2425 Primus
484 2383 520 2426 ac
534 2359 644 2438 Varus,
664 2361 775 2425 crebris
790 2361 901 2424 nuntiis
924 2361 1074 2426 fsalutem
1090 2377 1121 2426 et

119 2450 279 2536 pecuniam
296 2464 327 2512 et
342 2462 459 2512 secreta
474 2447 662 2532 Campaniae’
679 2447 787 2511 offerre
802 2446 938 2525 Vitellio,
961 2448 1015 2524 ‘si‚
1041 2449 1121 2533 posi·

117 2539 156 2602 tis
172 2537 272 2612 armis,
296 2555 389 2620 seque
416 2557 451 2598 ac
474 2535 583 2598 liberos
604 2557 674 2598 suos
689 2533 891 2619 Vespasianos
915 2535 1120 2620 permisisset?

118 2625 154 2689 lu
176 2623 307 2686 eundem
324 2623 446 2684 modum
463 2636 493 2684 et
508 2621 669 2684 Mucianus
684 2622 854 2705 composuit
872 2621 1033 2704 epistolas:
1055 2623 1121 2707 qui-

117 2714 175 2776 bus
193 2709 369 2795 pierumque
384 2710 476 2772 fidere
491 2707 643 2783 Vitellius,
670 2729 706 2770 ac
731 2708 790 2770 ‘de
807 2729 932 2770 numero
954 2729 1120 2787 servorum,

119 2799 269 2862 electione
296 2795 450 2872 littorum,’
472 2795 565 2880 loqui.
611 2793 712 2856 Tanta
735 2794 861 2878 torpedo
884 2794 1032 2857 invaserat
1058 2797 1121 2858 aui·

118 2907 213 2961 mum,
235 2898 277 2960 ut,
293 2883 317 2946 si
333 2882 507 2967 Principem
522 2903 593 2944 eum
610 2879 699 2944 luisse
714 2881 807 2943 ceteri
824 2902 883 2944 non
903 2881 1120 2960 meminissent,

121 2974 187 3058 ipse
202 2971 439 3033 oblivisceretur.

164 3055 289 3122 LXIV.
314 3057 355 3120 At
372 3056 516 3140 primores
527 3054 655 3117 civitatis
667 3051 808 3116 Flavium
821 3051 978 3128 Sabinum,
990 3051 1122 3117 Praelec·

119 3162 183 3212 tum
200 3144 290 3220 urbis,
313 3143 436 3207 secretis
456 3140 642 3205 sermonibus
657 3139 829 3216 incitabant,
856 3147 864 3177 ‘
879 3139 1007 3204 victoriae
1023 3140 1123 3204 same-

120 3255 179 3320 que
196 3247 310 3316 partem
326 3243 514 3315 capesseret:
539 3249 606 3292 esse
622 3227 661 3290 illi
688 3227 837 3311 proprium
865 3227 989 3290 militem
1012 3228 1123 3291 cohor-

120 3324 194 3386 tium
220 3319 419 3381 urbanarum:
443 3337 500 3378 nec
516 3314 667 3378 defuturas
683 3315 805 3394 vigilum
817 3315 978 3391 cohortes,
1001 3315 1122 3379 servitia

119 3410 264 3490 ipsorum,
277 3404 424 3468 fortunam
442 3403 580 3486 partium,
597 3417 628 3464 et
639 3402 740 3464 omnia
757 3422 849 3484 prona
865 3401 1038 3465 victoribus.
1072 3401 1121 3465 Ne

119 3493 254 3559 Antonio
276 3490 419 3576 Varoque
443 3491 482 3552 de
506 3486 600 3572 gloriis
623 3487 815 3552 concederet.
862 3487 980 3552 Paucas
997 3486 1123 3552 Vitellio

120 3583 271 3655 cohortes,
298 3593 329 3641 et
353 3578 468 3642 moestis
484 3576 615 3660 undique
631 3575 741 3638 nuntiis
756 3574 906 3659 trepidas:
932 3575 1033 3660 populi
1058 3597 1123 3638 mo·

82 3741 85 3746 ¹
121 3669 212 3732 bilem
229 3666 379 3730 animum:
405 3680 444 3739 et,
468 3665 492 3726 si
515 3685 548 3725 se
563 3662 685 3725 Ducem
710 3662 892 3746 praebuisset,
919 3663 1041 3724 easdem
1058 3663 1122 3725 illas

120 3755 307 3820 adulationes
337 3774 391 3838 pro
419 3749 609 3835 Vespasiano
639 3747 712 3812 sore.
769 3747 872 3834 Ipsum
897 3746 1053 3812 Vitellium
1085 3771 1122 3812 ue
