2514 4318
94 195 156 261 188
431 194 472 260 C.
496 193 604 261 Corn.
627 191 753 260 Tscrrr
884 197 938 282 [A.
955 193 998 263 U.
1015 197 1097 265 823.

92 356 176 422 Inter
192 378 257 442 que
274 355 398 442 perfuga
413 357 550 423 Batavus
566 359 637 422 adiit
652 357 818 437 Cerialem,
838 366 943 442 ‘terga
958 361 1105 426 hostium'

93 445 280 530 promittens,
296 445 339 506 ‘si
356 459 495 508 extremo
518 445 635 528 paludis
650 467 744 530 eques
761 447 944 510 mitteretur:
968 449 1103 511 solidum

90 530 153 608 illis,
170 545 199 594 et
213 531 384 612 Gugernos,
407 531 514 616 quibus
528 532 665 594 custodia
680 533 862 608 obvenisset,
879 555 983 616 parum
1001 535 1103 597 inteu-

90 617 159 683 tos.'
205 616 283 680 Duae
295 615 360 693 alae,
376 637 446 679 cum
465 615 592 699 perfugia
607 618 714 694 missae,
731 619 851 681 incauto
874 621 952 682 hosti
967 620 1103 683 circum·

92 703 274 769 funduntur:
299 701 379 785 quod
396 702 446 764 ubi
461 703 594 766 clamore
614 705 779 785 cognitum,
801 704 935 786 legiones
958 726 975 768 a
999 705 1100 770 lronte

91 788 266 865 incubuere,
279 787 417 872 pulsique
433 787 577 852 Germani
594 787 739 852 Rhenum
753 789 824 873 sugit
835 792 986 874 petebant.
1032 791 1100 855 De·

90 877 235 940 bellatum
250 895 288 936 eo
304 873 352 937 die
368 873 454 952 soret,
480 875 504 936 si
528 874 670 938 Romana
685 875 789 939 classis
804 877 890 960 sequi
908 877 1098 942 maturdsset.

91 961 142 1026 Ne
155 981 248 1046 eques
264 960 386 1046 quidem
402 961 513 1038 institit,
528 960 656 1047 repente
672 960 743 1025 susis
758 962 912 1040 imbribus,
928 978 959 1028 et
975 965 1099 1049 propin-

92 1046 153 1133 qui
169 1061 268 1110 nocte.

93 1169 96 1174 ·
136 1132 230 1197 XIX.
255 1131 383 1198 Posteris
408 1133 469 1210 die,
496 1133 719 1219 quartadecima
749 1133 829 1217 legio
855 1135 884 1197 in
910 1135 1099 1220 superiorem

90 1219 275 1305 provinciam
288 1219 380 1284 Gallo
395 1221 496 1283 Annio
512 1221 623 1284 misse:
646 1218 774 1283 Cerialis
792 1222 961 1284 exercitum
979 1223 1100 1286 decima

91 1328 132 1370 ex
145 1305 294 1390 Hispaniis
308 1307 387 1388 legio
399 1307 561 1392 supplevit.
606 1305 698 1370 Civili
712 1305 908 1370 Chaiioor'um
921 1309 1032 1371 auxilia
1043 1329 1099 1372 re-

91 1393 175 1457 ndre.
222 1390 292 1456 Non
318 1407 419 1456 tamen
445 1413 534 1455 ausus
549 1393 663 1476 oppida
679 1391 864 1456 Batavorum
892 1395 982 1456 armis
1007 1395 1098 1472 tueri,

91 1481 194 1564 raptis,
210 1501 276 1564 quae
299 1474 540 1563 seni'poternnt,
566 1479 676 1542 ceteris
691 1478 802 1563 injecto
818 1481 889 1562 igni,
913 1481 942 1542 in
967 1481 1097 1544 insulam

90 1565 256 1630 concessit:
280 1586 400 1648 gnarus,
415 1565 630 1628 deesse'naves
642 1565 801 1628 efficiendo
817 1567 911 1650 ponti,
929 1588 1028 1650 neque
1040 1587 1098 1632 ex·

91 1653 217 1716 ercitum
234 1651 408 1714 Romanum
420 1651 506 1714 aliter
520 1651 780 1715 transmissurum:
806 1653 875 1737 quin
888 1667 918 1714 et
931 1653 1019 1716 diruit
1032 1673 1098 1716 mo·

11 1777 12 1782 1
91 1739 193 1816 leuna
209 1737 311 1802 Druso
327 1737 510 1800 Germanico
526 1737 646 1814 lactum,
663 1735 880 1822 Rhenumque,
896 1759 991 1822 prono
1007 1739 1098 1802 alveo

91 1825 122 1888 in
149 1823 279 1886 Galham
309 1839 458 1901 ruentem,
486 1823 629 1910 disjectis,
656 1845 721 1908 quae
748 1825 950 1903 morabantur,
977 1825 1097 1888 effudit.

92 1911 146 1974 Sic
162 1910 245 1973 velut
258 1909 366 1973 abacto
392 1931 491 1987 amne,
518 1910 615 1974 tenuis
638 1910 752 1984 alveus,
773 1911 898 1972 insulam
922 1911 1001 1973 inter
1016 1910 1098 1974 Ger·

91 2015 268 2080 manusque,
284 1996 498 2059 continentium
515 2010 661 2060 terrarum
676 1997 810 2080 speciem
828 1995 950 2059 lecerat.
996 1995 1098 2060 Trau-

91 2083 169 2148 sidre
187 2081 332 2144 Rhenum
347 2080 447 2146 Tutor
462 2103 582 2168 quoque
599 2097 629 2147 et
645 2081 798 2146 Classicus
814 2098 844 2147 et
858 2097 980 2145 centurn
996 2085 1098 2147 trede-

89 2169 149 2235 cim
165 2167 370 2232 Treverorum
383 2167 564 2232 Senatores:
589 2169 619 2232 iu
632 2167 697 2254 quis
714 2167 766 2232 luit
779 2169 906 2253 Alpinus
921 2169 1094 2248 Montanus,

91 2277 182 2345 quem
199 2275 217 2318 a
232 2254 337 2319 Primo
353 2255 486 2319 Antonio
502 2255 624 2318 missum
642 2255 670 2318 in
687 2253 802 2318 Gallias
818 2255 955 2338 superilrs
977 2277 1096 2318 memo·

90 2343 234 2409 ravimus.
279 2340 490 2406 Comitabstur
519 2361 590 2404 eum
621 2339 710 2404 frater
739 2340 782 2404 D.
805 2341 945 2425 Alpinus.
996 2341 1095 2405 Simul

89 2429 183 2495 ceteri
204 2428 392 2492 miseratione
408 2447 444 2491 ac
459 2427 545 2490 donis
559 2427 670 2492 auxilia
691 2427 862 2506 concibant,
890 2428 967 2490 inter
987 2443 1095 2510 gentes
1116 2477 1120 2484 .

91 2515 293 2602 periculorum
309 2513 425 2577 avidas.

134 2599 211 2666 XX.
234 2599 429 2685 Tantumque
444 2599 515 2663 belli
532 2599 689 2686 superfuit,
712 2613 747 2663 ut
763 2599 898 2684 presidia
913 2595 1094 2678 cohortium,

90 2689 216 2764 alarum,
242 2687 406 2770 legionum,
429 2707 489 2750 uuo
505 2686 554 2750 die
571 2685 677 2751 Civilis
697 2686 909 2772 quadripartiti)
934 2687 1094 2750 invaserit:

90 2775 240 2839 decimam
256 2773 407 2858 legionem
419 2774 562 2850 Arenaci,
574 2773 738 2836 secundam
754 2773 951 2848 Batavoduri,
962 2787 993 2834 et
1006 2771 1095 2836 Grin-

89 2883 144 2928 nes
162 2859 354 2945 Vadamque,
384 2859 553 2923 cohortium
583 2861 759 2944 alarumque
781 2874 898 2935 castra3
927 2861 968 2920 ita
992 2858 1095 2921 divisis

89 2949 193 3034 copie,
210 2963 241 3012 ut
257 2948 320 3032 ipse
336 2960 368 3010 et
384 2945 500 3020 verax,
524 2967 625 3010 sorore
648 2945 713 3031 ejus
735 2946 863 3027 genitus,
879 2945 1094 3029 Classicusque

89 3057 126 3101 ac
141 3034 239 3098 Tutor
254 3055 338 3098 suam
355 3034 481 3119 quisque
497 3054 619 3096 manum
635 3033 804 3096 traherent:
834 3053 894 3094 nec
916 3032 1017 3094 omnia
1042 3053 1095 3114 pa·

90 3123 186 3186 traudi
203 3119 331 3196 fiduciis3
354 3119 418 3196 sed,
444 3119 560 3182 ‘multa
576 3119 654 3181 ausis
670 3117 770 3204 aliqui
793 3118 822 3180 in
844 3132 927 3202 parte
945 3117 1093 3181 fortunam

89 3210 193 3274 affore.
239 3207 336 3269 Simul
361 3205 515 3269 Cerialem
531 3225 630 3291 neque
646 3203 717 3268 satis
740 3220 873 3279 cautum,
900 3218 930 3266 et
958 3203 1093 3286 pluribus

88 3295 199 3359 nuntiis
215 3293 275 3356 huc
290 3292 361 3356 illue
375 3306 558 3368 cursantem,
582 3313 669 3376 posse
690 3291 792 3354 medio
806 3291 967 3374 intercipi.'
1011 3288 1094 3363 Qui·

87 3383 144 3446 bus
159 3380 343 3442 obvenerant
357 3393 454 3442 castra
470 3379 716 3456 decumanorum,
726 3377 981 3462 oppugnationem
996 3376 1094 3458 legio·

74 3469 135 3541 ¹nis
151 3467 273 3529 arduam
300 3465 366 3542 ruti,
392 3485 546 3548 egressum
562 3465 699 3542 militem,
725 3479 756 3528 et
781 3463 934 3527 cedendis
961 3463 1093 3526 materiis

89 3567 259 3641 operatum,
271 3549 440 3627 turbavere,
450 3552 552 3614 occiso
567 3550 716 3614 Praefecto
730 3565 896 3614 castrorum
913 3565 942 3612 et
959 3550 1093 3634 quinque

89 3639 267 3727 primoribus
293 3637 512 3702 Centurionum
539 3638 701 3722 paucisque
728 3637 880 3700 militibus.
927 3635 1031 3700 Cetera
1057 3655 1092 3698 se

90 3724 283 3792 munimentis
305 3723 480 3790 defendere.
525 3721 569 3787 Et
592 3723 711 3788 interim
738 3723 960 3788 Germauomm
983 3743 1092 3786 manus
