2484 4316
13 295 15 304 *
91 200 185 271 MC.
200 199 270 284 69.]
295 208 298 213 '
369 196 612 264 HrsnuasLrn.
635 195 812 272 Quassus.
1031 201 1093 264 155

93 363 226 450 singulas
240 363 346 426 domos
361 383 455 446 seque
472 375 502 424 et
518 361 668 424 delatores
683 360 839 442 fatigaret:
871 381 961 445 posse
976 368 1096 426 univer·

93 474 160 518 sum
178 451 325 514 Senatum
349 447 409 511 und
433 468 507 512 voce
522 447 666 510 subverti.
711 445 869 525 Retinetc,
892 447 999 513 Patres
1022 471 1096 513 con·

93 538 207 621 scripti,
223 551 255 600 et
268 549 420 600 reservate
441 534 595 598 bominem
611 549 671 596 tam
688 534 823 617 expediti
837 536 963 612 consilii,
984 551 1016 598 ut
1031 558 1095 599 om-

94 626 141 692 nis
157 640 225 690 aetas
241 623 384 686 instructa
399 622 447 697 sit,
472 635 502 683 et
519 621 671 705 quomodo
691 641 780 684 senes
794 623 886 686 nostri
902 621 1095 702 Marcellum,

95 712 250 796 Crispum,
275 709 405 794 juvenes
436 705 602 791 Regulum,
633 707 797 770 imitentur.
853 707 974 772 Invenit
1004 709 1095 773 etiarn

95 799 219 864 aemulos
245 795 349 859 infelix
375 795 525 880 nequitia:
557 794 628 879 qnid
652 795 676 856 si
699 793 805 858 floreat
828 794 1008 880 vigeatque?
1054 795 1097 861 Et

96 905 187 971 quern
208 883 308 946 adhuc
325 881 532 956 Quaestorium
548 881 703 944 offendere
724 903 782 944 nun
808 882 964 960 audemus,
981 881 1097 946 Praeto·

95 975 172 1036 rium
197 985 228 1034 et
254 969 454 1034 Consularem
471 969 560 1032 visuri
584 969 709 1032 sumus?
740 969 790 1032 An
813 967 968 1033 Neronem
996 984 1098 1032 extre·

95 1081 180 1124 mum
196 1057 383 1120 dominorum
409 1057 538 1140 putatis?
572 1054 659 1118 ldem
675 1055 875 1133 crediderant,
894 1057 944 1141 qui
959 1054 1096 1132 Tiberio,

97 1147 148 1231 qui
164 1144 253 1222 Caio,
275 1144 450 1228 superstites
477 1142 613 1206 suerunt:
638 1142 708 1206 crim
724 1144 842 1206 interim
858 1142 1052 1207 intestabilior
1067 1158 1099 1206 et

96 1233 202 1299 saevior
217 1247 338 1296 exortus
350 1245 407 1294 est.
452 1229 523 1294 Nou
535 1232 677 1294 timemus
694 1228 915 1314 Vespasianum
930 1251 938 1294 t
961 1251 996 1292 ea
1009 1229 1098 1292 Prin·

96 1320 172 1402 cipis
195 1333 275 1395 ctas,
302 1339 339 1382 ea
361 1317 537 1380 moderatio.
585 1316 648 1380 Sed
676 1316 786 1380 diutius
811 1317 919 1380 durant
944 1317 1097 1400 exempla,

97 1405 188 1491 quam
204 1425 314 1469 mores.
360 1403 569 1487 Elanguimus,
581 1404 690 1466 Patres
705 1403 878 1486 conscripti,
898 1423 955 1466 nec
966 1403 1030 1488 jam
1047 1403 1097 1465 ille

98 1493 229 1556 Senatus
244 1512 359 1567 sumus,
384 1491 445 1576 qui,
469 1491 569 1554 occiso
585 1491 722 1566 Nerone,
738 1490 888 1552 delatores
903 1503 934 1552 et
950 1489 1099 1551 ministros

97 1601 182 1642 more
208 1578 354 1662 majorum
380 1577 549 1660 puniendos
573 1576 736 1658 flagitabat.
782 1574 926 1659 Optimus
952 1588 1008 1651 est,
1033 1589 1100 1658 post

97 1665 211 1730 malum
228 1665 414 1746 Principem,
428 1663 492 1727 dies
508 1662 644 1746 primus!

142 1748 266 1812 XLlll.
289 1748 391 1812 Tanto
406 1770 476 1812 cnm
497 1771 619 1812 assensu
639 1745 768 1811 Senattis
784 1746 901 1810 auditus
916 1760 963 1810 est
978 1744 1101 1811 Monta·

99 1857 168 1912 nus,
193 1848 325 1919 ntspem
341 1849 464 1918 caperet
489 1833 663 1911 Helvidius,
688 1846 775 1915 posse
802 1834 891 1897 etiarn
917 1832 1099 1897 Marcellum

100 1921 258 2008 prosterni.
304 1919 398 2002 lgitur
420 1941 448 1984 a.
460 1921 549 1984 laude
566 1919 667 1984 Cluvii
683 1921 756 1983 Rufi
770 1941 865 1997 orsus,
889 1921 950 2004 qui,
976 1921 1100 2003 perinde

45 2087 49 2092 .
100 2010 186 2073 dives
202 2021 232 2070 et
248 2007 422 2092 eloquentiis
443 2007 551 2084 clarus,
574 2008 647 2070 nulli
663 2028 795 2092 unquam
810 2007 867 2069 sub
882 2005 1006 2070 Nerone
1022 2007 1101 2091 peri·

98 2095 201 2160 culum
218 2092 398 2170 lacessisset,
412 2095 536 2157 crimine
551 2094 639 2156 simul
654 2093 857 2178 exemploque
870 2092 996 2178 Eprium
1014 2115 1101 2177 urge-

99 2183 172 2246 batr
195 2180 367 2244 ardentibus
383 2180 507 2246 Petrum
524 2181 641 2244 animis.
687 2178 780 2252 Quod
796 2181 846 2242 ubi
864 2180 955 2242 sensit
971 2179 1102 2243 Marcel·

99 2269 157 2344 lus,
173 2267 256 2331 velut
278 2267 433 2331 excedens
447 2266 549 2331 curib:
574 2266 700 2344 ‘Imus,'
726 2266 831 2351 inquit,
856 2264 993 2344 ‘Prisce,
1009 2280 1040 2329 et
1055 2287 1102 2329 re·

99 2355 261 2438 linquimus
285 2354 336 2417 tibi
361 2354 508 2418 Senatum
532 2368 639 2417 tuum:
670 2374 773 2434 regna,
794 2366 940 2436 presente
956 2351 1102 2416 Caesare.'

101 2441 294 2526 Sequebatur
307 2439 414 2504 Vibius
429 2440 575 2524 Crispus:
600 2440 689 2503 ambo
712 2438 829 2522 infensi,
853 2439 938 2503 vultu
961 2439 1101 2502 diverso:

101 2527 265 2592 Marcellus
288 2527 453 2590 minacibus
480 2528 584 2604 oculis,
611 2527 739 2609 Crispus
754 2526 911 2590 renidens:
940 2525 1037 2588 donec
1052 2547 1103 2589 ac·

101 2635 191 2678 cursu
207 2613 370 2676 amicorum
387 2613 620 2677 retraherentur.
666 2613 748 2676 Cum
773 2613 914 2694 glisceret
936 2627 1102 2687 certamen,

102 2701 174 2766 binc
190 2700 275 2764 multi
291 2700 432 2784 bonique,
448 2701 518 2763 inde
536 2701 623 2783 pauci
639 2714 670 2762 et
686 2699 788 2775 validi,
811 2698 1013 2784 pertinacibus
1027 2698 1104 2761 odiis

102 2786 274 2863 tenderent,
289 2803 463 2850 consumtus
478 2808 533 2868 per
547 2787 726 2848 discordiam
743 2786 818 2847 dies.

149 2869 271 2936 XLIV.
295 2872 441 2936 Proximo
467 2873 593 2949 Senatu,
617 2873 776 2935 inchoante
801 2869 934 2946 Cesare,
959 2869 1016 2932 ‘de
1032 2868 1105 2932 abo·

103 2960 194 3024 lendo
209 2960 312 3022 dolore
328 2959 441 3044 irdque,
465 2973 495 3022 et
523 2961 838 3042 priorumtemporum
855 2955 1103 3032 necessitatibus‚’

103 3047 222 3110 censuit
235 3044 395 3108 Mucianus
408 3044 523 3128 prolixe
540 3067 593 3130 pro
609 3045 852 3106 accusatoribus:
875 3042 961 3106 simul
979 3063 1042 3119 eos,
1055 3043 1106 3126 qui
1184 3106 1190 3113 ,

103 3149 248 3216 coeptam,
273 3133 341 3196 dein
365 3133 517 3208 omissam,
541 3131 691 3200 actionem
707 3143 890 3212 repeterent,
913 3129 1028 3192 monuit
1043 3149 1106 3192 ser-

104 3241 196 3282 mone
212 3219 304 3295 mclli,
329 3233 360 3282 et
384 3233 526 3303 tanquam
543 3232 670 3299 rogaret.
718 3216 823 3280 Pa‘tres
838 3231 1002 3299 coeptatam
1018 3216 1107 3280 liber·

106 3321 211 3380 tatem,
244 3321 398 3388 postquam
424 3304 545 3368 obviam
571 3305 657 3380 itum,
683 3303 823 3366 omisere.
869 3302 1040 3380 Mucianus,
1067 3325 1106 3368 ne

106 3393 207 3476 sperni
224 3389 353 3454 Senattis
372 3390 531 3477 judicium,
558 3405 589 3453 et
615 3391 730 3454 cunctis
753 3390 809 3452 sub
824 3389 948 3453 Nerone
972 3390 1108 3454 admissis

106 3479 177 3542 data
192 3477 352 3562 impunitas
369 3479 531 3554 videretur,
547 3476 711 3540 Octavium
729 3476 875 3559 Sagittam
896 3491 927 3539 et
942 3476 1108 3540 Antistium

107 3566 278 3642 Sosianum,
306 3564 453 3628 Senatorii
469 3565 590 3642 ordinis,
614 3585 750 3647 egressos
773 3564 909 3640 exilium,
932 3563 960 3626 in
985 3563 1109 3626 easdem

107 3652 219 3716 insulas
248 3652 375 3735 redegit.
429 3651 576 3715 Octavius
608 3651 747 3714 Pontiam
778 3649 978 3728 Postumiam,
1005 3665 1109 3733 stupro

106 3739 259 3822 cognitam
275 3753 306 3803 et
328 3738 448 3824 nuptias
471 3760 540 3802 suas
556 3738 750 3815 abnuentem,
777 3738 927 3822 impotens
942 3737 1050 3800 amoris
1066 3738 1110 3798 in-
