2508 4254
124 231 186 293 122
461 223 502 289 C.
525 223 634 289 Coan.
657 223 782 290 Tacina
915 227 971 310 [A.
986 224 1030 290 U.
1046 227 1125 290 aaa.

163 391 289 459 LXlX.
314 391 508 456 Prevenerat
529 412 640 468 rumor,
657 386 782 476 ‘e'jurari
806 390 845 454 ab
867 413 905 454 eo
925 389 1089 476 Imperium
1100 391 1122 455 :’

120 483 341 566 scripseratque
374 477 499 542 Flavius
522 477 652 540 Sabinus
681 478 850 541 cohortium
880 477 1034 556 Tribunis,
1066 486 1120 542 ‘ut

120 570 248 634 militem
268 565 468 630 cohiberent.'
514 563 618 646 Igitur,
646 578 789 649 tanquam
812 565 909 629 omnis
934 564 1123 649 Respublica

120 657 149 719 in
161 653 340 737 Vespasiani
356 653 453 715 sinum
469 653 620 729 cessisset,
633 651 776 735 primores
791 651 921 715 Seuattis
936 667 967 716 et
984 653 1120 736 plerique

120 741 280 827 Equestris
303 740 423 815 ordinis,
446 739 603 824 omnisque
630 738 716 802 miles
739 738 869 802 urbanus
891 753 923 802 et
939 740 1043 822 vigiles
1066 741 1121 802 do·

120 851 203 892 mum
226 826 324 890 Flavii
342 825 444 889 Sabini
460 823 677 908 complevere:
700 825 771 888 illuc
794 825 832 888 de
855 826 960 889 studiis
983 826 1065 908 vulgi
1087 841 1121 890 et

119 916 207 978 minis
238 911 486 977 Germanicarum
516 911 685 975 cohortium
716 912 849 976 affertur.
894 911 1029 994 Longius
1054 910 1119 998 jam

121 1022 296 1087 progressus
316 1013 390 1076 erat,
414 998 504 1084 quam
529 1013 560 1062 ut
575 999 692 1080 regredi
714 1014 836 1083 posset:
860 1014 892 1062 et
916 1021 971 1062 suo
994 1000 1122 1085 quisque

60 1152 70 1160 ,
119 1103 213 1164 metu,
230 1109 269 1150 ne
285 1087 436 1171 disjectos,
452 1084 552 1170 adque
568 1085 666 1148 minus
682 1086 807 1163 validos,
824 1084 979 1150 Vitelliani
993 1107 1122 1150 consec·

119 1187 265 1250 tarentur,
280 1187 473 1236 cunctantem
497 1173 526 1235 iu
550 1193 633 1236 arma
648 1172 853 1257 impellebant.
900 1172 975 1252 Sed,
992 1174 1121 1260 quadiu

118 1259 265 1346 ejusmodi
288 1260 376 1322 rebus
399 1259 518 1335 accidit,
544 1259 702 1322 consilium
718 1259 756 1322 ab
771 1260 909 1324 omnibus
932 1261 1034 1325 datum
1060 1275 1119 1340 est,

119 1346 286 1431 periculum
304 1346 390 1430 pauci
406 1345 552 1410 sumsere.
597 1344 688 1410 Circa
710 1347 808 1409 lacum
825 1345 976 1424 Fundani,
992 1347 1121 1411 descen·

117 1432 268 1509 dentibus,
292 1433 341 1517 qui
373 1433 519 1496 Sabinum
548 1433 777 1510 comitabantur,
800 1435 930 1510 armatis,
960 1447 1122 1499 occurrunt

118 1519 311 1604 promtissimi
326 1517 568 1583 Vitellianorum.
614 1518 772 1582 Modicum
788 1521 829 1583 ibi
845 1521 991 1604 praelium,
1006 1522 1122 1606 impro-

119 1607 182 1672 viso
205 1608 347 1684 tumultu,
362 1607 416 1670 sed
439 1627 613 1690 prosperum
629 1604 798 1671 Vitellianis
820 1605 885 1670 luit.
931 1607 1070 1686 Sabinus,
1085 1629 1120 1673 te

117 1693 248 1777 trepida,
264 1694 345 1779 quod
362 1694 542 1757 tutissimum
558 1714 575 1755 e
592 1693 796 1778 presentibus,
813 1715 912 1758 arcent
928 1695 1061 1780 capitolii
1076 1695 1123 1758 iu-

117 1781 195 1846 sedit
205 1781 298 1844 milite
310 1795 341 1843 et
354 1780 531 1866 quibusdam
546 1779 726 1843 Senatorum
739 1779 945 1868 Equitumque
958 1805 966 1844 :
991 1805 1120 1868 quorum

116 1868 239 1931 nomina
255 1867 373 1931 tradere
390 1867 469 1930 haud
491 1882 641 1952 promtum
658 1881 714 1944 est,
731 1869 884 1952 quoniam,
909 1869 1021 1932 victore
1038 1867 1120 1932 Ves-

116 1954 251 2038 pasiano,
269 1954 352 2016 multi
369 1953 399 2017 id
416 1953 556 2017 meritum
567 1975 639 2036 erga
656 1968 756 2036 partes
770 1955 962 2019 simulavere.
1009 1956 1119 2022 Subie-

116 2053 185 2103 runt
200 2040 349 2102 obsidium
365 2041 454 2103 etiam
479 2039 629 2118 soeminae3
652 2042 729 2104 inter
752 2063 826 2127 quas
848 2043 981 2106 maxime
997 2043 1121 2126 iusignia

118 2123 274 2190 Verulana
297 2125 435 2203 Gratilla,
458 2148 558 2212 neque
581 2127 701 2204 liberos,
725 2149 824 2214 neque
852 2130 1044 2214 propinquos,
1063 2128 1120 2196 sed

116 2213 230 2278 bellum
246 2227 362 2276 secuta.
410 2211 593 2275 Vitellianus
614 2213 702 2274 miles
716 2214 853 2275 custodiri
868 2215 985 2275 socordi
1000 2215 1119 2280 clausus

117 2299 317 2366 circumdedit
326 2322 337 2371 3
359 2298 472 2382 eoque,
486 2296 635 2359 concubii
651 2311 751 2374 nocte,
766 2319 835 2360 suos
851 2298 961 2362 liberos
977 2298 1118 2378 Sabinus,

117 2403 148 2452 et
164 2386 382 2462 Domitianum,
395 2383 491 2446 fratris
503 2383 606 2459 filium,
629 2382 657 2444 iu
674 2384 849 2466 capitolium
873 2385 1001 2448 accivit:
1026 2386 1120 2449 misso

116 2496 172 2559 pet
187 2473 325 2556 neglecta
342 2472 378 2534 ad
392 2469 554 2533 Flavianos
565 2468 671 2532 Duces
686 2470 802 2548 nuntio,
812 2471 874 2554 qui,
890 2470 1115 2535 ‘circumsideri

116 2561 208 2646 ipsos,
229 2575 270 2635 et,
287 2559 316 2620 ni
339 2557 558 2632 subveniretur,
582 2569 679 2619 arctas
701 2556 759 2618 res'
776 2559 937 2620 nuntiaret.
983 2556 1118 2622 Noctem

116 2646 194 2711 aded
232 2646 341 2708 uietam
359 2645 430 2724 egit,
446 2658 479 2706 ut
502 2643 624 2724 degredi
647 2643 711 2705 siue
726 2643 809 2706 noxit
832 2644 980 2728 potuerit:
1005 2645 1118 2730 quippe

117 2669 347 2810 milesqllitellii,
364 2730 507 2794 adversus
524 2729 657 2813 pericula
679 2728 776 2807 ferox,
792 2731 942 2794 laboribus
964 2746 996 2794 et
1012 2732 1118 2814 vigiliis

116 2841 222 2904 parum
246 2819 378 2882 intentus
400 2831 482 2880 erat:
506 2831 538 2880 et
561 2817 714 2900 hybernus
736 2817 843 2897 imber,
870 2817 996 2904 repente
1023 2817 1117 2898 susus,

115 2907 221 2972 oculos
236 2927 383 2991 auresque
400 2904 594 2990 impediebat.
683 2977 689 2986 ι

158 2992 267 3058 LXX.
291 2991 378 3057 Luce
395 2990 492 3078 prima
507 2991 647 3068 Sabinus,
663 3004 824 3077 antequam
849 2992 978 3056 invicem
995 2993 1114 3057 hostilia

114 3095 295 3165 coeptareut,
310 3080 485 3145 Cornelium
502 3077 684 3156 Martialem,
707 3100 725 3141 e
748 3078 988 3162 primipilaribus,
1005 3080 1043 3143 ad
1060 3077 1117 3143 Vi-

113 3169 229 3234 tellium
245 3168 334 3244 misit,
349 3189 419 3230 cum
436 3165 605 3229 ‘mandatis
628 3179 659 3227 et
674 3181 792 3250 questu,
808 3165 890 3252 qudd
912 3181 1000 3250 pacta
1015 3167 1117 3230 turba·

115 3270 228 3318 rentur.
275 3253 504 3316 Sirnulationem
540 3273 660 3335 prorsus
689 3267 721 3316 et
749 3253 910 3336 imaginem
944 3252 1118 3338 deponendi

114 3339 237 3424 Imperii
267 3337 368 3417 luisse,
399 3339 436 3402 ad
467 3338 663 3422 decipiendos
690 3353 734 3403 tot
764 3339 892 3404 illustres
916 3339 1006 3404 viros.
1051 3339 1124 3404 Cur.

114 3428 195 3491 enim
211 3448 230 3489 e
244 3427 344 3489 rostris
360 3425 456 3489 fratris
471 3425 823 3501 domum,immineutem
840 3426 954 3505 loro,et
969 3427 1116 3490 irritandis

113 3513 270 3578 hominum
293 3513 399 3590 oculis,
422 3511 512 3598 quiam
533 3513 717 3576 Aventinum
742 3528 773 3577 et
788 3513 922 3578 Penates
943 3511 1047 3576 uxoris
1063 3535 1117 3595 pe·

115 3599 218 3667 risset?
263 3598 308 3664 lta
324 3601 451 3686 privato,
468 3613 498 3663 et
514 3621 635 3662 omnem
646 3599 839 3684 Principattis
855 3600 990 3684 speciem
1001 3601 1116 3678 vitanti,

114 3687 305 3751 convenisse.
352 3685 478 3764 Contra,
496 3685 655 3750 Vitellium
679 3687 708 3750 in
726 3687 882 3772 palatium,
897 3688 927 3750 in
942 3687 1039 3770 ipsam
1054 3685 1121 3771 Ιηι·Ι

115 3774 188 3858 perii
215 3795 314 3838 arcem
339 3795 526 3858 regressum:
550 3773 620 3837 inde
647 3789 795 3838 armatum
818 3795 927 3860 agmen
954 3773 1115 3837 emissum:

1237 3383 1242 3678 l
