2514 4318
103 195 165 265 198
428 190 469 256 C.
492 189 602 256 Conrr.
625 189 777 256 Tanarus

517 291 540 330 o

106 381 174 428 mus
184 358 318 445 juventa
333 357 450 422 honos.
479 368 549 418 ante
565 355 624 418 lroc
640 353 747 418 dombs
772 373 841 438 pars
861 353 1012 432 ridentur,
1039 371 1121 420 mox

107 443 309 530 Reipublicae.
354 443 481 524 Insignis
497 442 646 518 nobilitas,
670 457 721 504 nut
738 461 846 522 magna
863 456 980 524 patrum
996 444 1121 520 merita,

107 531 259 615 Principis
275 531 477 612 dignationem
502 529 592 590 etiam
617 527 850 591 adolescentulis
866 529 1038 610 assignant:
1062 549 1121 591 ce·

109 620 181 684 teris
197 617 410 682 robustioribus
422 637 458 678 ac
469 615 651 714 jampridem
670 615 800 698 probatis
812 629 1031 714 aggregantur:
1057 635 1121 680 uec

107 706 246 780 rubor,
240 723 315 767 inter
340 702 466 765 comites
493 702 597 785 aspici.
642 700 764 764 Gradus
787 701 970 784 quinetiam
995 702 1120 785 etipse

109 792 267 856 comitatus
284 789 386 863 habet,
406 787 564 874 judicio
538 809 614 872 eJns,
638 810 727 886 quern
750 803 920 851 sectantur:
946 808 1120 873 magnaque

111 893 142 942 st
156 878 300 942 comitum
317 837 477 951 aemrllatio,
493 875 600 974 qpibus
617 877 728 957 primus
740 875 820 974 apud
837 873 1011 974 Principem
1028 897 1121 938 suum

107 965 212 1028 locus:
237 979 267 1026 et
283 962 469 1061 Principum,
479 984 527 1024 cnr
520 961 661 1046 plurimi
674 977 704 1024 et
716 961 852 1024 acerrimi
863 963 1005 1024 comites.
1040 960 1121 1026 Haee

111 1051 249 1132 dignitas,
265 1049 352 1112 lrae'
326 1070 414 1125 vires,
426 1069 537 1131 magno
552 1069 673 1132 semper
684 1047 874 1110 electorum'
860 1069 1009 1133 Juvenum
1025 1048 1121 1130 globo

109 1136 301 1213 circumdari,
317 1137 347 1198 in
363 1157 438 1219 pace
454 1135 558 1211 decus,
570 1136 598 1197 in
615 1135 694 1198 bello
711 1135 891 1216 praesidium.
937 1133 1006 1198 Nec
1019 1134 1122 1198 solinu

111 1224 142 1289 in
157 1222 213 1286 sud
227 1238 319 1306 gente
335 1223 455 1306 cuique,
471 1222 524 1284 sed
544 1222 623 1306 apud
644 1223 783 1284 finitimus
799 1243 919 1306 quoque
934 1221 1073 1284 civitates
1088 1221 1122 1284 id

111 1331 235 1386 nomen,
251 1331 288 1374 ea
311 1309 405 1392 gloria
421 1323 477 1385 est,
500 1309 524 1371 si
549 1330 676 1372 numero
691 1331 727 1370 ac
749 1309 855 1372 virtute
870 1308 1028 1372 comitatds
1043 1309 1124 1372 emi·

111 1412 202 1462 neat:
231 1411 414 1481 expetuntur
436 1396 516 1458 enirn
533 1395 729 1476 legationibus
745 1410 775 1458 et
790 1395 962 1458 muneribus
977 1407 1124 1462 ornantur

113 1499 144 1552 et
159 1482 226 1566 ipse
241 1485 417 1569 plerumque
434 1481 514 1544 satnb
530 1483 608 1544 bella
626 1481 795 1582 profligant.

159 1569 250 1635 XlV.
275 1571 355 1635 cnm
386 1584 507 1632 ventum
534 1569 564 1632 in
595 1570 702 1643 aciem,
730 1583 816 1652 turpe
847 1567 981 1653 Principi
1009 1569 1121 1634 virtute

113 1658 203 1736 vinci,
231 1674 319 1742 turpe
334 1656 499 1756 comitatui,
525 1655 663 1720 virtutem
687 1655 837 1740 Principis
863 1678 922 1718 uon
949 1655 1120 1756 adequare.

113 1743 185 1810 Jatn
204 1743 276 1808 verb
292 1742 432 1808 insama
425 1766 453 1806 ιιι
477 1763 600 1806 onmem
616 1744 708 1806 vitam
724 1763 759 1804 ac
776 1743 962 1825 probrosum,
978 1744 1122 1826 supersti-

113 1847 175 1898 tem
186 1831 320 1914 Principi
332 1851 387 1892 suo
403 1851 442 1892 ex
459 1830 523 1892 acie
537 1830 706 1892 recessisse.
744 1828 832 1892 Illum
845 1827 1021 1904 defendere,
1033 1829 1121 1906 tueri,

114 1938 169 1982 sua
193 1937 315 2002 quoque
332 1915 416 1978 sortia
432 1915 510 1978 sacta
533 1915 684 1999 gloriae
658 1938 723 2002 eJus
746 1916 908 2020 assignare,
934 1916 1121 2015 precipuum

114 2018 337 2068 sacramentum
353 2017 408 2065 est.
456 2001 614 2084 Principes
630 2025 684 2087 pro
701 2001 824 2066 victoria
841 2017 995 2086 pugnsn13
1025 2004 1121 2066 comi·

116 2103 162 2158 tes
179 2111 233 2174 pro
253 2089 407 2172 Principe.
454 2087 487 2152 Si
502 2089 619 2166 civitas,
646 2090 674 2152 in
692 2088 753 2172 qni
767 2089 822 2152 orti
838 2103 917 2165 sunt,
938 2087 1030 2169 longe
1045 2109 1121 2173 pace

113 2190 147 2244 et
157 2177 220 2242 otio
231 2191 359 2261 torpeat,
371 2175 506 2260 plerique
520 2175 664 2238 nobilium
678 2177 913 2238 adolescentium
928 2189 1035 2258 petunt
1046 2175 1123 2240 ultrb

118 2285 169 2332 eas
185 2264 330 2364 nationes,
347 2285 413 2363 quae
436 2278 499 2326 turn
526 2263 639 2326 bellum
656 2263 785 2362 aliquod
792 2277 920 2362 gerunt3
947 2262 1015 2346 quia
1032 2277 1062 2328 et
1077 2263 1122 2326 in-

114 2366 202 2434 grata
214 2352 295 2434 genti
310 2351 406 2450 qpies
422 2364 453 2413 et
468 2347 605 2412 lucilius
599 2363 676 2412 tuter
691 2350 828 2433 ancipitia
843 2350 1022 2426 clarescant,
1038 2369 1124 2432 tnag-

119 2458 252 2522 nutuque
268 2437 444 2501 comitatum
467 2458 525 2500 non
542 2436 598 2500 nisi
616 2458 642 2497 vr
635 2436 799 2520 'belloque
815 2450 974 2500 tueantur:
997 2437 1124 2517 exigunt

65 2589 71 2602 ,
121 2523 201 2586 enirn
212 2524 373 2623 Prisci-pis
371 2545 416 2586 sur
408 2523 607 2602 liberabtate
619 2523 701 2586 illum
715 2524 890 2586 bellatorem
904 2545 1028 2607 equum,
1041 2523 1123 2586 illam

111 2623 275 2674 cruentam
291 2610 506 2694 victricemque
531 2607 684 2672 frameam.
731 2605 810 2672 thn
828 2609 935 2694 epulae,
960 2626 1001 2682 et,
1029 2631 1123 2694 quarr-

114 2717 223 2793 quam
227 2695 358 2772 incomti,
374 2697 447 2779 largi
464 2711 564 2758 tamen
581 2710 743 2780 apparatus
757 2719 811 2780 pro
825 2697 976 2780 stipendio
991 2697 1122 2760 cedunt:

113 2781 244 2847 materia
260 2783 467 2848 munificentie
492 2783 639 2866 perbelle
663 2799 694 2848 et
714 2799 826 2866 raptus.
872 2783 941 2848 Nec
964 2805 1048 2846 arare
1064 2798 1124 2846 ter-

122 2891 198 2947 ram,
211 2883 261 2949 aut
276 2886 439 2952 expectare
455 2892 579 2946 annum,
591 2887 650 2934 tarn
668 2869 754 2932 facile
768 2871 959 2970 persuaseris
971 2870 1061 2970 qnam
1073 2891 1125 2933 ro·

118 2978 189 3022 oure
206 2942 308 3019 hostes
324 2969 355 3017 et
370 2958 490 3020 vulnera
508 2958 627 3032 mereri.
675 2957 798 3039 Pigrum
815 2957 981 3058 quinimmo
996 2973 1027 3021 et
1045 2958 1123 3020 iners

122 3043 251 3118 videtur,
267 3041 376 3104 sudore
392 3046 556 3126 acquirere,
573 3045 652 3144 quod
671 3044 765 3126 possis
781 3045 926 3126 sanguine
945 3065 1061 3127 parare.

167 3127 245 3194 XV.
269 3127 420 3228 Quotiens
437 3130 513 3194 belle
529 3154 587 3194 non
605 3132 720 3208 ineunt,
733 3131 860 3194 multum
877 3131 1044 3207 venatibus,
1058 3130 1124 3214 plus

123 3239 178 3302 per
199 3217 293 3278 otium
312 3216 485 3296 transigunt,
511 3215 600 3288 dmin
617 3239 723 3280 somno
746 3218 886 3302 ciboque.
933 3217 1124 3280 Fortissimus

124 3305 250 3388 quisque
267 3324 303 3365 ac
318 3301 559 3364 bellicosissimus
584 3306 655 3368 nibil
683 3327 787 3386 agens,
814 3304 955 3386 delegata
971 3303 1081 3368 domus
1096 3319 1128 3368 et

124 3390 286 3455 Penatium
303 3401 334 3450 et
354 3409 492 3469 agrorum
508 3387 581 3450 curti
597 3389 724 3454 loeminis
746 3393 928 3498 senibqsqqe
945 3408 973 3454 et
990 3391 1125 3454 infirmis·

122 3477 199 3540 simo
214 3475 324 3558 cuique
340 3495 380 3536 ex
398 3473 526 3538 familia:
554 3475 609 3557 ipsi
628 3479 754 3542 hebent:
787 3478 862 3541 mira
878 3479 1051 3541 diversitate
1074 3499 1125 3540 na·

121 3561 290 3638 turoe,ci1m
307 3561 397 3622 iidem
416 3561 584 3625 homines
562 3583 605 3624 stc
617 3581 717 3626 ament
729 3566 864 3628 inertiam
882 3580 912 3628 et
928 3565 1046 3626 oderint
1061 3564 1126 3648 qui·

121 3664 214 3714 etonr.
261 3646 332 3710 Mos
344 3663 389 3710 est
404 3648 583 3723 civitatibus,
597 3648 675 3710 ultrd
687 3671 722 3712 ac
739 3652 845 3714 viritim
858 3651 995 3716 conferre
1009 3650 1126 3714 Princi-

117 3737 217 3820 pibus,
235 3735 516 3812 velarmentorum,
542 3735 589 3799 vel
605 3735 736 3819 frugum,
764 3740 842 3822 quod
869 3761 923 3824 pro
946 3739 1059 3802 honore
1076 3759 1127 3803 ac·
