<?xml version="1.0" encoding="UTF-8"?>
<!DOCTYPE html PUBLIC "-//W3C//DTD XHTML 1.0 Transitional//EN"
    "http://www.w3.org/TR/xhtml1/DTD/xhtml1-transitional.dtd">
<html xmlns="http://www.w3.org/1999/xhtml" xml:lang="en" lang="en">
 <head>
  <title>
</title>
<meta http-equiv="Content-Type" content="text/html;charset=utf-8" />
  <meta name='ocr-system' content='tesseract 3.04.00' />
  <meta name='ocr-capabilities' content='ocr_page ocr_carea ocr_par ocr_line ocrx_word'/>
</head>
<body>
  <div class='ocr_page' id='page_1' title='image "./ccorneliitaciti24tacigoog_0042.png"; bbox 0 0 2560 4258; ppageno 0'>
   <div class='ocr_carea' id='block_1_1' title="bbox 130 297 1125 384">
    <p class='ocr_par' dir='ltr' id='par_1_1' title="bbox 130 297 1125 384">
     <span class='ocr_line' id='line_1_1' title="bbox 130 297 1125 384; baseline 0 -21"><span class='ocrx_word' id='word_1_1' title='bbox 130 300 172 364; x_wconf 81' lang='lat'>14</span> <span class='ocrx_word' id='word_1_2' title='bbox 466 299 507 366; x_wconf 90' lang='lat' dir='ltr'>C.</span> <span class='ocrx_word' id='word_1_3' title='bbox 531 299 637 366; x_wconf 83' lang='lat' dir='ltr'>Gonu.</span> <span class='ocrx_word' id='word_1_4' title='bbox 660 298 786 364; x_wconf 69' lang='lat' dir='ltr'>Tectrt</span> <span class='ocrx_word' id='word_1_5' title='bbox 919 299 975 384; x_wconf 79' lang='grc' dir='ltr'>[Α.</span> <span class='ocrx_word' id='word_1_6' title='bbox 992 297 1033 366; x_wconf 90' lang='lat' dir='ltr'>C.</span> <span class='ocrx_word' id='word_1_7' title='bbox 1050 301 1125 366; x_wconf 78' lang='lat'>822.</span> 
     </span>
    </p>
   </div>
   <div class='ocr_carea' id='block_1_2' title="bbox 128 463 1125 550">
    <p class='ocr_par' dir='ltr' id='par_1_2' title="bbox 128 463 1125 550">
     <span class='ocr_line' id='line_1_2' title="bbox 128 463 1125 550; baseline 0.002 -22"><span class='ocrx_word' id='word_1_8' title='bbox 128 463 181 544; x_wconf 85' lang='lat' dir='ltr'>tio,</span> <span class='ocrx_word' id='word_1_9' title='bbox 197 465 287 528; x_wconf 88' lang='lat' dir='ltr'>etiam</span> <span class='ocrx_word' id='word_1_10' title='bbox 304 463 384 548; x_wconf 93' lang='lat' dir='ltr'>apud</span> <span class='ocrx_word' id='word_1_11' title='bbox 397 465 528 547; x_wconf 84' lang='lat' dir='ltr'>integros</span> <span class='ocrx_word' id='word_1_12' title='bbox 543 464 739 528; x_wconf 81' lang='lat' dir='ltr'>dissimulatio</span> <span class='ocrx_word' id='word_1_13' title='bbox 754 463 819 542; x_wconf 83' lang='lat' dir='ltr'>luit,</span> <span class='ocrx_word' id='word_1_14' title='bbox 834 479 867 530; x_wconf 89' lang='lat' dir='ltr'>ut</span> <span class='ocrx_word' id='word_1_15' title='bbox 883 481 1004 550; x_wconf 80' lang='lat' dir='ltr'>postem</span> <span class='ocrx_word' id='word_1_16' title='bbox 1015 465 1125 530; x_wconf 91' lang='lat' dir='ltr'>lduum</span> 
     </span>
    </p>
   </div>
   <div class='ocr_carea' id='block_1_3' title="bbox 100 550 1127 3930">
    <p class='ocr_par' dir='ltr' id='par_1_3' title="bbox 126 550 1127 1502">
     <span class='ocr_line' id='line_1_3' title="bbox 128 550 1126 635; baseline 0.003 -20"><span class='ocrx_word' id='word_1_17' title='bbox 128 551 177 615; x_wconf 88' lang='lat' dir='ltr'>die</span> <span class='ocrx_word' id='word_1_18' title='bbox 193 552 369 614; x_wconf 84' lang='lat' dir='ltr'>redeuntem</span> <span class='ocrx_word' id='word_1_19' title='bbox 398 572 415 613; x_wconf 89' lang='lat' dir='ltr'>a</span> <span class='ocrx_word' id='word_1_20' title='bbox 438 550 528 614; x_wconf 71' lang='lat' dir='ltr'>coenb</span> <span class='ocrx_word' id='word_1_21' title='bbox 551 551 707 614; x_wconf 77' lang='lat' dir='ltr'>Othonem</span> <span class='ocrx_word' id='word_1_22' title='bbox 725 553 835 635; x_wconf 88' lang='lat' dir='ltr'>rapturi</span> <span class='ocrx_word' id='word_1_23' title='bbox 860 553 978 630; x_wconf 88' lang='lat' dir='ltr'>luerint,</span> <span class='ocrx_word' id='word_1_24' title='bbox 1003 555 1058 617; x_wconf 90' lang='lat' dir='ltr'>nisi</span> <span class='ocrx_word' id='word_1_25' title='bbox 1080 555 1126 618; x_wconf 89' lang='lat' dir='ltr'>iu·</span> 
     </span>
     <span class='ocr_line' id='line_1_4' title="bbox 127 636 1126 721; baseline 0.003 -18"><span class='ocrx_word' id='word_1_26' title='bbox 127 652 211 703; x_wconf 89' lang='lat' dir='ltr'>certa</span> <span class='ocrx_word' id='word_1_27' title='bbox 226 638 331 714; x_wconf 90' lang='lat' dir='ltr'>noctis,</span> <span class='ocrx_word' id='word_1_28' title='bbox 344 653 375 700; x_wconf 91' lang='lat' dir='ltr'>et</span> <span class='ocrx_word' id='word_1_29' title='bbox 387 636 450 699; x_wconf 90' lang='lat' dir='ltr'>tota</span> <span class='ocrx_word' id='word_1_30' title='bbox 465 640 538 700; x_wconf 92' lang='lat' dir='ltr'>urbe</span> <span class='ocrx_word' id='word_1_31' title='bbox 553 660 655 721; x_wconf 90' lang='lat' dir='ltr'>sparsa</span> <span class='ocrx_word' id='word_1_32' title='bbox 668 639 794 702; x_wconf 89' lang='lat' dir='ltr'>militum</span> <span class='ocrx_word' id='word_1_33' title='bbox 810 655 918 717; x_wconf 87' lang='lat' dir='ltr'>castra,</span> <span class='ocrx_word' id='word_1_34' title='bbox 934 661 990 704; x_wconf 90' lang='lat' dir='ltr'>nec</span> <span class='ocrx_word' id='word_1_35' title='bbox 1007 639 1126 706; x_wconf 79' lang='lat' dir='ltr'>facilem</span> 
     </span>
     <span class='ocr_line' id='line_1_5' title="bbox 126 724 1127 830; baseline 0 -40"><span class='ocrx_word' id='word_1_36' title='bbox 126 725 205 830; x_wconf 70' lang='lat' dir='ltr'>intep</span> <span class='ocrx_word' id='word_1_37' title='bbox 219 724 415 788; x_wconf 89' lang='lat' dir='ltr'>termulentos</span> <span class='ocrx_word' id='word_1_38' title='bbox 437 746 631 802; x_wconf 87' lang='lat' dir='ltr'>consensum,</span> <span class='ocrx_word' id='word_1_39' title='bbox 646 726 829 789; x_wconf 79' lang='lat' dir='ltr'>timuissent:</span> <span class='ocrx_word' id='word_1_40' title='bbox 861 749 920 790; x_wconf 91' lang='lat' dir='ltr'>non</span> <span class='ocrx_word' id='word_1_41' title='bbox 936 727 1127 810; x_wconf 82' lang='lat' dir='ltr'>Reipublice</span> 
     </span>
     <span class='ocr_line' id='line_1_6' title="bbox 127 809 1126 895; baseline 0.002 -19"><span class='ocrx_word' id='word_1_42' title='bbox 127 833 211 888; x_wconf 87' lang='lat' dir='ltr'>cura,</span> <span class='ocrx_word' id='word_1_43' title='bbox 229 833 318 895; x_wconf 90' lang='lat' dir='ltr'>quam</span> <span class='ocrx_word' id='word_1_44' title='bbox 334 809 448 873; x_wconf 87' lang='lat' dir='ltr'>loedare</span> <span class='ocrx_word' id='word_1_45' title='bbox 465 810 614 894; x_wconf 90' lang='lat' dir='ltr'>Principis</span> <span class='ocrx_word' id='word_1_46' title='bbox 636 813 680 876; x_wconf 90' lang='lat' dir='ltr'>sui</span> <span class='ocrx_word' id='word_1_47' title='bbox 697 813 841 894; x_wconf 84' lang='lat' dir='ltr'>sanguine</span> <span class='ocrx_word' id='word_1_48' title='bbox 857 813 945 876; x_wconf 85' lang='lat' dir='ltr'>sobrii</span> <span class='ocrx_word' id='word_1_49' title='bbox 963 814 1126 894; x_wconf 85' lang='lat' dir='ltr'>parabant;</span> 
     </span>
     <span class='ocr_line' id='line_1_7' title="bbox 127 898 1126 1002; baseline 0.003 -41"><span class='ocrx_word' id='word_1_50' title='bbox 127 898 181 961; x_wconf 84' lang='lat' dir='ltr'>sed</span> <span class='ocrx_word' id='word_1_51' title='bbox 205 919 243 960; x_wconf 89' lang='lat' dir='ltr'>ne</span> <span class='ocrx_word' id='word_1_52' title='bbox 248 919 314 1002; x_wconf 67' lang='lat' dir='ltr'>Aper</span> <span class='ocrx_word' id='word_1_53' title='bbox 328 899 477 973; x_wconf 84' lang='lat' dir='ltr'>tenebras,</span> <span class='ocrx_word' id='word_1_54' title='bbox 503 913 536 960; x_wconf 91' lang='lat' dir='ltr'>ut</span> <span class='ocrx_word' id='word_1_55' title='bbox 558 899 684 984; x_wconf 90' lang='lat' dir='ltr'>quisque</span> <span class='ocrx_word' id='word_1_56' title='bbox 703 899 870 962; x_wconf 88' lang='lat' dir='ltr'>Pannonici</span> <span class='ocrx_word' id='word_1_57' title='bbox 887 900 933 964; x_wconf 86' lang='lat' dir='ltr'>vel</span> <span class='ocrx_word' id='word_1_58' title='bbox 951 899 1126 964; x_wconf 87' lang='lat' dir='ltr'>Germanici</span> 
     </span>
     <span class='ocr_line' id='line_1_8' title="bbox 127 984 1127 1071; baseline 0.003 -23"><span class='ocrx_word' id='word_1_59' title='bbox 127 984 278 1048; x_wconf 82' lang='lat' dir='ltr'>exercitiis</span> <span class='ocrx_word' id='word_1_60' title='bbox 291 984 432 1046; x_wconf 89' lang='lat' dir='ltr'>militibus</span> <span class='ocrx_word' id='word_1_61' title='bbox 444 984 561 1048; x_wconf 88' lang='lat' dir='ltr'>oblatus</span> <span class='ocrx_word' id='word_1_62' title='bbox 577 1001 666 1060; x_wconf 88' lang='lat' dir='ltr'>esset,</span> <span class='ocrx_word' id='word_1_63' title='bbox 679 985 882 1067; x_wconf 82' lang='lat' dir='ltr'>ignorantibus</span> <span class='ocrx_word' id='word_1_64' title='bbox 899 987 1059 1071; x_wconf 84' lang='lat' dir='ltr'>plerisque,</span> <span class='ocrx_word' id='word_1_65' title='bbox 1072 1009 1127 1070; x_wconf 91' lang='lat' dir='ltr'>pro</span> 
     </span>
     <span class='ocr_line' id='line_1_9' title="bbox 127 1070 1127 1154; baseline 0.005 -20"><span class='ocrx_word' id='word_1_66' title='bbox 127 1071 253 1136; x_wconf 90' lang='lat' dir='ltr'>Othone</span> <span class='ocrx_word' id='word_1_67' title='bbox 269 1071 477 1134; x_wconf 86' lang='lat' dir='ltr'>destinaretur.</span> <span class='ocrx_word' id='word_1_68' title='bbox 524 1070 622 1134; x_wconf 90' lang='lat' dir='ltr'>Multa</span> <span class='ocrx_word' id='word_1_69' title='bbox 645 1073 829 1154; x_wconf 89' lang='lat' dir='ltr'>erumpentis</span> <span class='ocrx_word' id='word_1_70' title='bbox 849 1073 1001 1136; x_wconf 89' lang='lat' dir='ltr'>seditionis</span> <span class='ocrx_word' id='word_1_71' title='bbox 1017 1074 1127 1138; x_wconf 84' lang='lat' dir='ltr'>indicia</span> 
     </span>
     <span class='ocr_line' id='line_1_10' title="bbox 126 1156 1126 1257; baseline 0.001 -35"><span class='ocrx_word' id='word_1_72' title='bbox 126 1180 182 1244; x_wconf 90' lang='lat' dir='ltr'>per</span> <span class='ocrx_word' id='word_1_73' title='bbox 203 1159 339 1222; x_wconf 92' lang='lat' dir='ltr'>conscios</span> <span class='ocrx_word' id='word_1_74' title='bbox 363 1179 527 1257; x_wconf 80' lang='lat' dir='ltr'>oppressa;</span> <span class='ocrx_word' id='word_1_75' title='bbox 558 1157 693 1242; x_wconf 77' lang='lat' dir='ltr'>quaedam</span> <span class='ocrx_word' id='word_1_76' title='bbox 715 1159 794 1241; x_wconf 89' lang='lat' dir='ltr'>apud</span> <span class='ocrx_word' id='word_1_77' title='bbox 812 1156 917 1222; x_wconf 85' lang='lat' dir='ltr'>Galbae</span> <span class='ocrx_word' id='word_1_78' title='bbox 940 1181 1027 1222; x_wconf 87' lang='lat' dir='ltr'>aures</span> <span class='ocrx_word' id='word_1_79' title='bbox 1044 1159 1126 1224; x_wconf 79' lang='lat' dir='ltr'>Pre-</span> 
     </span>
     <span class='ocr_line' id='line_1_11' title="bbox 126 1244 1126 1345; baseline 0.002 -36"><span class='ocrx_word' id='word_1_80' title='bbox 126 1245 224 1310; x_wconf 84' lang='lat' dir='ltr'>fectus</span> <span class='ocrx_word' id='word_1_81' title='bbox 240 1244 325 1308; x_wconf 90' lang='lat' dir='ltr'>Laco</span> <span class='ocrx_word' id='word_1_82' title='bbox 337 1244 452 1306; x_wconf 90' lang='lat' dir='ltr'>elusit</span> <span class='ocrx_word' id='word_1_83' title='bbox 428 1265 564 1325; x_wconf 80' lang='lat' dir='ltr'>,ignarus</span> <span class='ocrx_word' id='word_1_84' title='bbox 576 1245 746 1306; x_wconf 89' lang='lat' dir='ltr'>militarium</span> <span class='ocrx_word' id='word_1_85' title='bbox 760 1245 938 1345; x_wconf 84' lang='lat' dir='ltr'>animorum,</span> <span class='ocrx_word' id='word_1_86' title='bbox 949 1247 1126 1332; x_wconf 85' lang='lat' dir='ltr'>consiliique</span> 
     </span>
     <span class='ocr_line' id='line_1_12' title="bbox 128 1331 1126 1436; baseline 0.002 -42"><span class='ocrx_word' id='word_1_87' title='bbox 128 1333 265 1436; x_wconf 83' lang='lat' dir='ltr'>qpatuvis</span> <span class='ocrx_word' id='word_1_88' title='bbox 280 1331 403 1414; x_wconf 83' lang='lat' dir='ltr'>egregii,</span> <span class='ocrx_word' id='word_1_89' title='bbox 420 1331 500 1415; x_wconf 91' lang='lat' dir='ltr'>quod</span> <span class='ocrx_word' id='word_1_90' title='bbox 516 1353 575 1394; x_wconf 91' lang='lat' dir='ltr'>non</span> <span class='ocrx_word' id='word_1_91' title='bbox 592 1332 656 1414; x_wconf 88' lang='lat' dir='ltr'>ipse</span> <span class='ocrx_word' id='word_1_92' title='bbox 673 1331 853 1410; x_wconf 85' lang='lat' dir='ltr'>afferret,&#39;&#39;</span> <span class='ocrx_word' id='word_1_93' title='bbox 816 1354 963 1410; x_wconf 90' lang='lat' dir='ltr'>tntmtcus,</span> <span class='ocrx_word' id='word_1_94' title='bbox 973 1348 1003 1396; x_wconf 91' lang='lat' dir='ltr'>et</span> <span class='ocrx_word' id='word_1_95' title='bbox 1019 1334 1126 1396; x_wconf 90' lang='lat' dir='ltr'>adver·</span> 
     </span>
     <span class='ocr_line' id='line_1_13' title="bbox 127 1417 474 1502; baseline -0.009 -21"><span class='ocrx_word' id='word_1_96' title='bbox 127 1419 177 1482; x_wconf 84' lang='lat' dir='ltr'>sits</span> <span class='ocrx_word' id='word_1_97' title='bbox 195 1419 305 1500; x_wconf 88' lang='lat' dir='ltr'>peritos</span> <span class='ocrx_word' id='word_1_98' title='bbox 322 1417 474 1502; x_wconf 86' lang='lat' dir='ltr'>pervicax</span> 
     </span>
    </p>

    <p class='ocr_par' dir='ltr' id='par_1_4' title="bbox 116 1458 1126 3046">
     <span class='ocr_line' id='line_1_14' title="bbox 171 1458 1124 1584; baseline 0.003 -16"><span class='ocrx_word' id='word_1_99' title='bbox 171 1502 314 1568; x_wconf 93' lang='lat' dir='ltr'>XXVll.</span> <span class='ocrx_word' id='word_1_100' title='bbox 338 1503 580 1568; x_wconf 89' lang='lat' dir='ltr'>Octavodecimo</span> <span class='ocrx_word' id='word_1_101' title='bbox 596 1504 751 1568; x_wconf 88' lang='lat' dir='ltr'>Kalendas</span> <span class='ocrx_word' id='word_1_102' title='bbox 768 1505 935 1584; x_wconf 85' lang='lat' dir='ltr'>Februarii,</span> <span class='ocrx_word' id='word_1_103' title='bbox 948 1458 1124 1571; x_wconf 80' lang='lat' dir='ltr'>sacrificanti</span> 
     </span>
     <span class='ocr_line' id='line_1_15' title="bbox 126 1591 1126 1678; baseline 0.002 -22"><span class='ocrx_word' id='word_1_104' title='bbox 126 1614 182 1678; x_wconf 92' lang='lat' dir='ltr'>pro</span> <span class='ocrx_word' id='word_1_105' title='bbox 197 1592 261 1654; x_wconf 81' lang='lat' dir='ltr'>rede</span> <span class='ocrx_word' id='word_1_106' title='bbox 278 1591 428 1675; x_wconf 88' lang='lat' dir='ltr'>Apollinis</span> <span class='ocrx_word' id='word_1_107' title='bbox 441 1591 546 1654; x_wconf 85' lang='lat' dir='ltr'>Galbae</span> <span class='ocrx_word' id='word_1_108' title='bbox 564 1591 727 1675; x_wconf 80' lang='lat' dir='ltr'>Haruspex</span> <span class='ocrx_word' id='word_1_109' title='bbox 740 1591 937 1656; x_wconf 88' lang='lat' dir='ltr'>Untbricius‘</span> <span class='ocrx_word' id='word_1_110' title='bbox 949 1595 1041 1658; x_wconf 91' lang='lat' dir='ltr'>tristia</span> <span class='ocrx_word' id='word_1_111' title='bbox 1053 1607 1126 1658; x_wconf 84' lang='lat' dir='ltr'>exta</span> 
     </span>
     <span class='ocr_line' id='line_1_16' title="bbox 126 1677 1125 1761; baseline 0.002 -19"><span class='ocrx_word' id='word_1_112' title='bbox 126 1695 157 1744; x_wconf 92' lang='lat' dir='ltr'>et</span> <span class='ocrx_word' id='word_1_113' title='bbox 172 1680 316 1742; x_wconf 88' lang='lat' dir='ltr'>instantes</span> <span class='ocrx_word' id='word_1_114' title='bbox 332 1677 451 1741; x_wconf 88' lang='lat' dir='ltr'>insidias</span> <span class='ocrx_word' id='word_1_115' title='bbox 478 1701 512 1740; x_wconf 90' lang='lat' dir='ltr'>ac</span> <span class='ocrx_word' id='word_1_116' title='bbox 536 1679 735 1742; x_wconf 90' lang='lat' dir='ltr'>domesticum</span> <span class='ocrx_word' id='word_1_117' title='bbox 754 1679 881 1742; x_wconf 89' lang='lat' dir='ltr'>hostem’</span> <span class='ocrx_word' id='word_1_118' title='bbox 897 1681 1047 1761; x_wconf 84' lang='lat' dir='ltr'>praedicit:</span> <span class='ocrx_word' id='word_1_119' title='bbox 1072 1702 1125 1744; x_wconf 92' lang='lat' dir='ltr'>au·</span> 
     </span>
     <span class='ocr_line' id='line_1_17' title="bbox 127 1763 1125 1867; baseline 0 -37"><span class='ocrx_word' id='word_1_120' title='bbox 127 1767 228 1830; x_wconf 89' lang='lat' dir='ltr'>diente</span> <span class='ocrx_word' id='word_1_121' title='bbox 245 1763 379 1842; x_wconf 91' lang='lat' dir='ltr'>Othone,</span> <span class='ocrx_word' id='word_1_122' title='bbox 398 1769 481 1865; x_wconf 83' lang='lat' dir='ltr'>(pam</span> <span class='ocrx_word' id='word_1_123' title='bbox 500 1767 654 1848; x_wconf 82' lang='lat' dir='ltr'>proximus</span> <span class='ocrx_word' id='word_1_124' title='bbox 670 1764 830 1846; x_wconf 84' lang='lat' dir='ltr'>astiterat,)</span> <span class='ocrx_word' id='word_1_125' title='bbox 852 1766 953 1867; x_wconf 78' lang='lat' dir='ltr'>idque,</span> <span class='ocrx_word' id='word_1_126' title='bbox 976 1782 1009 1830; x_wconf 93' lang='lat' dir='ltr'>ut</span> <span class='ocrx_word' id='word_1_127' title='bbox 1024 1767 1125 1830; x_wconf 81' lang='lat' dir='ltr'>letum</span> 
     </span>
     <span class='ocr_line' id='line_1_18' title="bbox 127 1852 1124 1937; baseline -0.001 -20"><span class='ocrx_word' id='word_1_128' title='bbox 127 1875 144 1917; x_wconf 93' lang='lat' dir='ltr'>e</span> <span class='ocrx_word' id='word_1_129' title='bbox 160 1852 318 1928; x_wconf 87' lang='lat' dir='ltr'>contrario,</span> <span class='ocrx_word' id='word_1_130' title='bbox 331 1867 361 1916; x_wconf 91' lang='lat' dir='ltr'>et</span> <span class='ocrx_word' id='word_1_131' title='bbox 377 1853 437 1914; x_wconf 86' lang='lat' dir='ltr'>suis</span> <span class='ocrx_word' id='word_1_132' title='bbox 452 1853 681 1934; x_wconf 83' lang='lat' dir='ltr'>cogitationibus</span> <span class='ocrx_word' id='word_1_133' title='bbox 698 1874 886 1936; x_wconf 87' lang='lat' dir='ltr'>prosperum,</span> <span class='ocrx_word' id='word_1_134' title='bbox 899 1855 1124 1937; x_wconf 88' lang='lat' dir='ltr'>interpretante.</span> 
     </span>
     <span class='ocr_line' id='line_1_19' title="bbox 127 1937 1125 2023; baseline 0 -19"><span class='ocrx_word' id='word_1_135' title='bbox 127 1938 196 2004; x_wconf 89' lang='lat' dir='ltr'>Nec</span> <span class='ocrx_word' id='word_1_136' title='bbox 219 1937 314 2000; x_wconf 85' lang='lat' dir='ltr'>multd</span> <span class='ocrx_word' id='word_1_137' title='bbox 346 1937 413 2021; x_wconf 81' lang='lat' dir='ltr'>pbst</span> <span class='ocrx_word' id='word_1_138' title='bbox 440 1938 563 2000; x_wconf 90' lang='lat' dir='ltr'>libertus</span> <span class='ocrx_word' id='word_1_139' title='bbox 586 1938 773 2001; x_wconf 84' lang='lat' dir='ltr'>Onomastus</span> <span class='ocrx_word' id='word_1_140' title='bbox 798 1941 923 2016; x_wconf 88' lang='lat' dir='ltr'>nuntiat,</span> <span class='ocrx_word' id='word_1_141' title='bbox 950 1941 1125 2023; x_wconf 82' lang='lat' dir='ltr'>‘expectari</span> 
     </span>
     <span class='ocr_line' id='line_1_20' title="bbox 127 2024 1126 2110; baseline -0.001 -19"><span class='ocrx_word' id='word_1_142' title='bbox 127 2048 197 2092; x_wconf 87' lang='lat' dir='ltr'>eum</span> <span class='ocrx_word' id='word_1_143' title='bbox 214 2025 252 2087; x_wconf 93' lang='lat' dir='ltr'>ab</span> <span class='ocrx_word' id='word_1_144' title='bbox 268 2025 431 2087; x_wconf 88' lang='lat' dir='ltr'>architecto</span> <span class='ocrx_word' id='word_1_145' title='bbox 455 2038 486 2086; x_wconf 86' lang='lat' dir='ltr'>et</span> <span class='ocrx_word' id='word_1_146' title='bbox 510 2024 727 2088; x_wconf 88' lang='lat' dir='ltr'>redemtoribus</span> <span class='ocrx_word' id='word_1_147' title='bbox 741 2025 760 2086; x_wconf 74' lang='grc' dir='ltr'>τ’</span> <span class='ocrx_word' id='word_1_148' title='bbox 791 2048 856 2110; x_wconf 76' lang='lat' dir='ltr'>quae</span> <span class='ocrx_word' id='word_1_149' title='bbox 880 2027 1055 2108; x_wconf 88' lang='lat' dir='ltr'>significatio</span> <span class='ocrx_word' id='word_1_150' title='bbox 1073 2049 1126 2090; x_wconf 89' lang='lat' dir='ltr'>co·</span> 
     </span>
     <span class='ocr_line' id='line_1_21' title="bbox 127 2110 1123 2196; baseline 0 -20"><span class='ocrx_word' id='word_1_151' title='bbox 127 2113 261 2176; x_wconf 84' lang='lat' dir='ltr'>euntium</span> <span class='ocrx_word' id='word_1_152' title='bbox 274 2110 337 2196; x_wconf 88' lang='lat' dir='ltr'>jam</span> <span class='ocrx_word' id='word_1_153' title='bbox 355 2111 482 2172; x_wconf 87' lang='lat' dir='ltr'>militurn</span> <span class='ocrx_word' id='word_1_154' title='bbox 510 2125 541 2173; x_wconf 92' lang='lat' dir='ltr'>et</span> <span class='ocrx_word' id='word_1_155' title='bbox 565 2125 672 2193; x_wconf 77' lang='lat' dir='ltr'>parate</span> <span class='ocrx_word' id='word_1_156' title='bbox 696 2110 908 2196; x_wconf 87' lang='lat' dir='ltr'>conjurationis</span> <span class='ocrx_word' id='word_1_157' title='bbox 928 2127 1123 2176; x_wconf 87' lang='lat' dir='ltr'>convenerat.</span> 
     </span>
     <span class='ocr_line' id='line_1_22' title="bbox 126 2196 1125 2283; baseline 0 -20"><span class='ocrx_word' id='word_1_158' title='bbox 126 2199 247 2276; x_wconf 78' lang='grc' dir='ltr'>ΟιΙιο,ι</span> <span class='ocrx_word' id='word_1_159' title='bbox 258 2218 379 2260; x_wconf 88' lang='lat' dir='ltr'>causant</span> <span class='ocrx_word' id='word_1_160' title='bbox 393 2196 552 2278; x_wconf 85' lang='lat' dir='ltr'>digresstis’</span> <span class='ocrx_word' id='word_1_161' title='bbox 564 2197 833 2281; x_wconf 78' lang='lat' dir='ltr'>requirentibus,</span> <span class='ocrx_word' id='word_1_162' title='bbox 803 2206 897 2262; x_wconf 90' lang='lat' dir='ltr'>curn</span> <span class='ocrx_word' id='word_1_163' title='bbox 908 2221 967 2262; x_wconf 87' lang='lat' dir='ltr'>emt</span> <span class='ocrx_word' id='word_1_164' title='bbox 960 2201 1037 2262; x_wconf 89' lang='lat' dir='ltr'>sibi</span> <span class='ocrx_word' id='word_1_165' title='bbox 1053 2222 1125 2283; x_wconf 80' lang='lat' dir='ltr'>prae·</span> 
     </span>
     <span class='ocr_line' id='line_1_23' title="bbox 126 2282 1125 2369; baseline -0.001 -18"><span class='ocrx_word' id='word_1_166' title='bbox 126 2287 175 2352; x_wconf 90' lang='lat' dir='ltr'>dia</span> <span class='ocrx_word' id='word_1_167' title='bbox 191 2299 341 2349; x_wconf 86' lang='lat' dir='ltr'>vetustate</span> <span class='ocrx_word' id='word_1_168' title='bbox 357 2300 508 2366; x_wconf 90' lang='lat' dir='ltr'>suspecta,</span> <span class='ocrx_word' id='word_1_169' title='bbox 533 2282 632 2368; x_wconf 81' lang='lat' dir='ltr'>ebque</span> <span class='ocrx_word' id='word_1_170' title='bbox 657 2284 737 2367; x_wconf 85' lang='lat' dir='ltr'>priris</span> <span class='ocrx_word' id='word_1_171' title='bbox 753 2285 961 2369; x_wconf 86' lang='lat' dir='ltr'>exploranda,&#39;</span> <span class='ocrx_word' id='word_1_172' title='bbox 978 2287 1125 2364; x_wconf 85' lang='lat' dir='ltr'>finxisset,</span> 
     </span>
     <span class='ocr_line' id='line_1_24' title="bbox 125 2369 1125 2453; baseline -0.002 -15"><span class='ocrx_word' id='word_1_173' title='bbox 125 2375 247 2438; x_wconf 88' lang='lat' dir='ltr'>innixus</span> <span class='ocrx_word' id='word_1_174' title='bbox 262 2373 380 2446; x_wconf 91' lang='lat' dir='ltr'>libert0,</span> <span class='ocrx_word' id='word_1_175' title='bbox 393 2392 447 2453; x_wconf 92' lang='lat' dir='ltr'>per</span> <span class='ocrx_word' id='word_1_176' title='bbox 462 2369 655 2433; x_wconf 85' lang='lat' dir='ltr'>Tiberianam</span> <span class='ocrx_word' id='word_1_177' title='bbox 672 2371 828 2448; x_wconf 87' lang='lat' dir='ltr'>domum,</span> <span class='ocrx_word' id='word_1_178' title='bbox 822 2395 850 2434; x_wconf 87' lang='lat' dir='ltr'>tn</span> <span class='ocrx_word' id='word_1_179' title='bbox 862 2371 1039 2450; x_wconf 88' lang='lat' dir='ltr'>Velabrum,</span> <span class='ocrx_word' id='word_1_180' title='bbox 1055 2373 1125 2438; x_wconf 89' lang='lat' dir='ltr'>inde</span> 
     </span>
     <span class='ocr_line' id='line_1_25' title="bbox 126 2457 1124 2542; baseline -0.002 -18"><span class='ocrx_word' id='word_1_181' title='bbox 126 2461 164 2524; x_wconf 90' lang='lat' dir='ltr'>ad</span> <span class='ocrx_word' id='word_1_182' title='bbox 181 2459 355 2522; x_wconf 88' lang='lat' dir='ltr'>Milliarium</span> <span class='ocrx_word' id='word_1_183' title='bbox 372 2478 507 2533; x_wconf 88' lang='lat' dir='ltr'>aureum,</span> <span class='ocrx_word' id='word_1_184' title='bbox 524 2458 580 2518; x_wconf 89' lang='lat' dir='ltr'>sub</span> <span class='ocrx_word' id='word_1_185' title='bbox 596 2458 690 2520; x_wconf 89' lang='lat' dir='ltr'>aedem</span> <span class='ocrx_word' id='word_1_186' title='bbox 708 2457 839 2534; x_wconf 89' lang='lat' dir='ltr'>Saturni,</span> <span class='ocrx_word' id='word_1_187' title='bbox 856 2461 964 2542; x_wconf 85' lang='lat' dir='ltr'>pergit.</span> <span class='ocrx_word' id='word_1_188' title='bbox 1009 2459 1053 2524; x_wconf 88' lang='lat' dir='ltr'>lbi</span> <span class='ocrx_word' id='word_1_189' title='bbox 1064 2476 1124 2524; x_wconf 88' lang='lat' dir='ltr'>tres</span> 
     </span>
     <span class='ocr_line' id='line_1_26' title="bbox 116 2542 1125 2630; baseline 0 -20"><span class='ocrx_word' id='word_1_190' title='bbox 116 2562 158 2618; x_wconf 86' lang='lat' dir='ltr'>¹et</span> <span class='ocrx_word' id='word_1_191' title='bbox 174 2545 277 2628; x_wconf 87' lang='lat' dir='ltr'>viginti</span> <span class='ocrx_word' id='word_1_192' title='bbox 293 2544 499 2627; x_wconf 88' lang='lat' dir='ltr'>speculatores</span> <span class='ocrx_word' id='word_1_193' title='bbox 514 2545 733 2607; x_wconf 88' lang='lat' dir='ltr'>consalutatum</span> <span class='ocrx_word' id='word_1_194' title='bbox 750 2542 974 2629; x_wconf 83' lang='lat' dir='ltr'>Imperatorem,</span> <span class='ocrx_word' id='word_1_195' title='bbox 999 2567 1034 2610; x_wconf 90' lang='lat' dir='ltr'>ac</span> <span class='ocrx_word' id='word_1_196' title='bbox 1052 2569 1125 2630; x_wconf 90' lang='lat' dir='ltr'>pau·</span> 
     </span>
     <span class='ocr_line' id='line_1_27' title="bbox 125 2630 1124 2716; baseline -0.001 -18"><span class='ocrx_word' id='word_1_197' title='bbox 125 2635 215 2698; x_wconf 89' lang='lat' dir='ltr'>citata</span> <span class='ocrx_word' id='word_1_198' title='bbox 232 2631 422 2694; x_wconf 88' lang='lat' dir='ltr'>salutantium</span> <span class='ocrx_word' id='word_1_199' title='bbox 440 2631 602 2714; x_wconf 90' lang='lat' dir='ltr'>trepidum,</span> <span class='ocrx_word' id='word_1_200' title='bbox 618 2647 648 2694; x_wconf 90' lang='lat' dir='ltr'>et</span> <span class='ocrx_word' id='word_1_201' title='bbox 660 2632 740 2694; x_wconf 79' lang='lat' dir='ltr'>sellae</span> <span class='ocrx_word' id='word_1_202' title='bbox 754 2630 926 2696; x_wconf 79' lang='lat' dir='ltr'>festinanter</span> <span class='ocrx_word' id='word_1_203' title='bbox 941 2635 1124 2716; x_wconf 90' lang='lat' dir='ltr'>impositum,</span> 
     </span>
     <span class='ocr_line' id='line_1_28' title="bbox 125 2717 1124 2800; baseline -0.001 -15"><span class='ocrx_word' id='word_1_204' title='bbox 125 2721 233 2786; x_wconf 85' lang='lat' dir='ltr'>strictis</span> <span class='ocrx_word' id='word_1_205' title='bbox 260 2718 452 2781; x_wconf 85' lang='lat' dir='ltr'>mucronibus</span> <span class='ocrx_word' id='word_1_206' title='bbox 481 2719 610 2800; x_wconf 89' lang='lat' dir='ltr'>rapiunt.</span> <span class='ocrx_word' id='word_1_207' title='bbox 664 2717 808 2781; x_wconf 85' lang='lat' dir='ltr'>Totidem</span> <span class='ocrx_word' id='word_1_208' title='bbox 834 2718 926 2782; x_wconf 77' lang='lat' dir='ltr'>lermb</span> <span class='ocrx_word' id='word_1_209' title='bbox 956 2721 1064 2784; x_wconf 89' lang='lat' dir='ltr'>milites</span> <span class='ocrx_word' id='word_1_210' title='bbox 1094 2723 1124 2784; x_wconf 94' lang='lat' dir='ltr'>in</span> 
     </span>
     <span class='ocr_line' id='line_1_29' title="bbox 125 2803 1124 2890; baseline -0.001 -18"><span class='ocrx_word' id='word_1_211' title='bbox 125 2808 232 2872; x_wconf 88' lang='lat' dir='ltr'>itinere</span> <span class='ocrx_word' id='word_1_212' title='bbox 257 2819 473 2887; x_wconf 90' lang='lat' dir='ltr'>aggregantur:</span> <span class='ocrx_word' id='word_1_213' title='bbox 507 2804 554 2867; x_wconf 90' lang='lat' dir='ltr'>alii</span> <span class='ocrx_word' id='word_1_214' title='bbox 575 2803 772 2881; x_wconf 70' lang='lat' dir='ltr'>conscientia,</span> <span class='ocrx_word' id='word_1_215' title='bbox 801 2805 936 2890; x_wconf 88' lang='lat' dir='ltr'>plerique</span> <span class='ocrx_word' id='word_1_216' title='bbox 959 2808 1124 2886; x_wconf 87' lang='lat' dir='ltr'>miraculo;</span> 
     </span>
     <span class='ocr_line' id='line_1_30' title="bbox 126 2891 1124 2980; baseline 0.001 -23"><span class='ocrx_word' id='word_1_217' title='bbox 126 2917 195 2980; x_wconf 80' lang='lat' dir='ltr'>pars</span> <span class='ocrx_word' id='word_1_218' title='bbox 211 2893 342 2955; x_wconf 89' lang='lat' dir='ltr'>clamore</span> <span class='ocrx_word' id='word_1_219' title='bbox 359 2907 389 2954; x_wconf 89' lang='lat' dir='ltr'>et</span> <span class='ocrx_word' id='word_1_220' title='bbox 405 2891 525 2973; x_wconf 87' lang='lat' dir='ltr'>gaudio,</span> <span class='ocrx_word' id='word_1_221' title='bbox 550 2913 618 2976; x_wconf 89' lang='lat' dir='ltr'>pars</span> <span class='ocrx_word' id='word_1_222' title='bbox 641 2891 770 2969; x_wconf 92' lang='lat' dir='ltr'>silentio,</span> <span class='ocrx_word' id='word_1_223' title='bbox 794 2893 925 2958; x_wconf 87' lang='lat' dir='ltr'>animum</span> <span class='ocrx_word' id='word_1_224' title='bbox 950 2915 989 2956; x_wconf 85' lang='lat' dir='ltr'>ex</span> <span class='ocrx_word' id='word_1_225' title='bbox 1013 2910 1124 2960; x_wconf 87' lang='lat' dir='ltr'>eventu</span> 
     </span>
     <span class='ocr_line' id='line_1_31' title="bbox 125 2979 262 3046; baseline -0.04 0"><span class='ocrx_word' id='word_1_226' title='bbox 125 2979 262 3046; x_wconf 87' lang='lat' dir='ltr'>sumturi.</span> 
     </span>
    </p>

    <p class='ocr_par' dir='ltr' id='par_1_5' title="bbox 125 3029 1125 3670">
     <span class='ocr_line' id='line_1_32' title="bbox 169 3029 1125 3149; baseline -0.004 -17"><span class='ocrx_word' id='word_1_227' title='bbox 169 3063 326 3132; x_wconf 91' lang='lat' dir='ltr'>XXVlll.</span> <span class='ocrx_word' id='word_1_228' title='bbox 350 3064 550 3128; x_wconf 87' lang='lat' dir='ltr'>Stationem</span> <span class='ocrx_word' id='word_1_229' title='bbox 543 3089 572 3128; x_wconf 88' lang='grc' dir='ltr'>ιιι</span> <span class='ocrx_word' id='word_1_230' title='bbox 599 3067 701 3130; x_wconf 89' lang='lat' dir='ltr'>castris</span> <span class='ocrx_word' id='word_1_231' title='bbox 727 3029 836 3149; x_wconf 81' lang='lat' dir='ltr'>agebat</span> <span class='ocrx_word' id='word_1_232' title='bbox 858 3067 957 3131; x_wconf 87' lang='lat' dir='ltr'>Julius</span> <span class='ocrx_word' id='word_1_233' title='bbox 980 3066 1125 3130; x_wconf 90' lang='lat' dir='ltr'>Martialis</span> 
     </span>
     <span class='ocr_line' id='line_1_33' title="bbox 126 3149 1126 3256; baseline -0.005 -36"><span class='ocrx_word' id='word_1_234' title='bbox 126 3154 292 3220; x_wconf 87' lang='lat' dir='ltr'>Tribunus.</span> <span class='ocrx_word' id='word_1_235' title='bbox 337 3149 378 3229; x_wconf 80' lang='lat' dir='ltr'>Ie,</span> <span class='ocrx_word' id='word_1_236' title='bbox 396 3153 599 3256; x_wconf 81' lang='lat' dir='ltr'>magnitudine</span> <span class='ocrx_word' id='word_1_237' title='bbox 615 3155 703 3216; x_wconf 90' lang='lat' dir='ltr'>subiti</span> <span class='ocrx_word' id='word_1_238' title='bbox 719 3154 850 3230; x_wconf 62' lang='lat' dir='ltr'>sceleris</span> <span class='ocrx_word' id='word_1_239' title='bbox 875 3177 911 3215; x_wconf 93' lang='lat' dir='ltr'>an</span> <span class='ocrx_word' id='word_1_240' title='bbox 927 3170 1068 3236; x_wconf 89' lang='lat' dir='ltr'>corrupta</span> <span class='ocrx_word' id='word_1_241' title='bbox 1083 3154 1126 3215; x_wconf 89' lang='lat' dir='ltr'>la·</span> 
     </span>
     <span class='ocr_line' id='line_1_34' title="bbox 126 3239 1125 3323; baseline -0.002 -18"><span class='ocrx_word' id='word_1_242' title='bbox 126 3243 184 3306; x_wconf 83' lang='lat' dir='ltr'>tilis</span> <span class='ocrx_word' id='word_1_243' title='bbox 199 3255 307 3316; x_wconf 88' lang='lat' dir='ltr'>castra,</span> <span class='ocrx_word' id='word_1_244' title='bbox 323 3260 370 3316; x_wconf 89' lang='lat' dir='ltr'>ac,</span> <span class='ocrx_word' id='word_1_245' title='bbox 396 3240 420 3302; x_wconf 90' lang='lat' dir='ltr'>si</span> <span class='ocrx_word' id='word_1_246' title='bbox 443 3239 547 3302; x_wconf 76' lang='lat' dir='ltr'>contra</span> <span class='ocrx_word' id='word_1_247' title='bbox 570 3241 717 3316; x_wconf 86' lang='lat' dir='ltr'>tenderet,</span> <span class='ocrx_word' id='word_1_248' title='bbox 742 3241 868 3303; x_wconf 86' lang='lat' dir='ltr'>exitium</span> <span class='ocrx_word' id='word_1_249' title='bbox 885 3256 1035 3316; x_wconf 91' lang='lat' dir='ltr'>metuens,</span> <span class='ocrx_word' id='word_1_250' title='bbox 1054 3262 1125 3323; x_wconf 83' lang='lat' dir='ltr'>prae·</span> 
     </span>
     <span class='ocr_line' id='line_1_35' title="bbox 125 3325 1125 3425; baseline -0.003 -32"><span class='ocrx_word' id='word_1_251' title='bbox 125 3330 190 3393; x_wconf 91' lang='lat' dir='ltr'>buit</span> <span class='ocrx_word' id='word_1_252' title='bbox 196 3327 357 3410; x_wconf 90' lang='lat' dir='ltr'>plerisque</span> <span class='ocrx_word' id='word_1_253' title='bbox 384 3327 585 3410; x_wconf 87' lang='lat' dir='ltr'>suspicionem</span> <span class='ocrx_word' id='word_1_254' title='bbox 605 3328 807 3390; x_wconf 79' lang='lat' dir='ltr'>conscientie.</span> <span class='ocrx_word' id='word_1_255' title='bbox 846 3325 1057 3425; x_wconf 81' lang='lat' dir='ltr'>Auteposuere</span> <span class='ocrx_word' id='word_1_256' title='bbox 1074 3349 1125 3390; x_wconf 90' lang='lat' dir='ltr'>ce·</span> 
     </span>
     <span class='ocr_line' id='line_1_36' title="bbox 126 3409 1125 3498; baseline -0.002 -19"><span class='ocrx_word' id='word_1_257' title='bbox 126 3417 182 3478; x_wconf 88' lang='lat' dir='ltr'>teri</span> <span class='ocrx_word' id='word_1_258' title='bbox 203 3434 323 3498; x_wconf 91' lang='lat' dir='ltr'>quoque</span> <span class='ocrx_word' id='word_1_259' title='bbox 348 3409 475 3476; x_wconf 89' lang='lat' dir='ltr'>Tribuni</span> <span class='ocrx_word' id='word_1_260' title='bbox 501 3413 763 3498; x_wconf 89' lang='lat' dir='ltr'>Centurionesque</span> <span class='ocrx_word' id='word_1_261' title='bbox 789 3413 944 3495; x_wconf 79' lang='lat' dir='ltr'>praesentia</span> <span class='ocrx_word' id='word_1_262' title='bbox 971 3413 1067 3477; x_wconf 89' lang='lat' dir='ltr'>dubiis</span> <span class='ocrx_word' id='word_1_263' title='bbox 1094 3428 1125 3478; x_wconf 90' lang='lat' dir='ltr'>et</span> 
     </span>
     <span class='ocr_line' id='line_1_37' title="bbox 126 3498 1126 3584; baseline 0.002 -19"><span class='ocrx_word' id='word_1_264' title='bbox 126 3501 271 3565; x_wconf 87' lang='lat' dir='ltr'>honestis.</span> <span class='ocrx_word' id='word_1_265' title='bbox 318 3498 408 3584; x_wconf 88' lang='lat' dir='ltr'>lsque</span> <span class='ocrx_word' id='word_1_266' title='bbox 425 3501 541 3562; x_wconf 88' lang='lat' dir='ltr'>habitus</span> <span class='ocrx_word' id='word_1_267' title='bbox 558 3502 723 3562; x_wconf 88' lang='lat' dir='ltr'>animotunr</span> <span class='ocrx_word' id='word_1_268' title='bbox 742 3499 806 3576; x_wconf 87' lang='lat' dir='ltr'>luit,</span> <span class='ocrx_word' id='word_1_269' title='bbox 825 3515 857 3562; x_wconf 90' lang='lat' dir='ltr'>ut</span> <span class='ocrx_word' id='word_1_270' title='bbox 876 3500 1037 3584; x_wconf 90' lang='lat' dir='ltr'>pessimum</span> <span class='ocrx_word' id='word_1_271' title='bbox 1055 3501 1126 3566; x_wconf 86' lang='lat' dir='ltr'>laci·</span> 
     </span>
     <span class='ocr_line' id='line_1_38' title="bbox 127 3587 1036 3670; baseline -0.001 -18"><span class='ocrx_word' id='word_1_272' title='bbox 127 3611 183 3652; x_wconf 92' lang='lat' dir='ltr'>nus</span> <span class='ocrx_word' id='word_1_273' title='bbox 199 3587 344 3648; x_wconf 89' lang='lat' dir='ltr'>auderent</span> <span class='ocrx_word' id='word_1_274' title='bbox 362 3588 458 3669; x_wconf 87' lang='lat' dir='ltr'>pauci,</span> <span class='ocrx_word' id='word_1_275' title='bbox 477 3588 575 3670; x_wconf 89' lang='lat' dir='ltr'>plures</span> <span class='ocrx_word' id='word_1_276' title='bbox 593 3588 716 3663; x_wconf 89' lang='lat' dir='ltr'>vellent,</span> <span class='ocrx_word' id='word_1_277' title='bbox 732 3608 837 3649; x_wconf 90' lang='lat' dir='ltr'>omnes</span> <span class='ocrx_word' id='word_1_278' title='bbox 854 3602 1036 3670; x_wconf 87' lang='lat' dir='ltr'>paterentur.</span> 
     </span>
    </p>

    <p class='ocr_par' dir='ltr' id='par_1_6' title="bbox 100 3671 1125 3930">
     <span class='ocr_line' id='line_1_39' title="bbox 100 3671 1125 3758; baseline 0.002 -20"><span class='ocrx_word' id='word_1_279' title='bbox 100 3693 101 3697; x_wconf 75' lang='grc'>’</span> <span class='ocrx_word' id='word_1_280' title='bbox 170 3671 301 3739; x_wconf 86' lang='lat' dir='ltr'>XXIX.</span> <span class='ocrx_word' id='word_1_281' title='bbox 326 3672 449 3754; x_wconf 90' lang='lat' dir='ltr'>lgnarus</span> <span class='ocrx_word' id='word_1_282' title='bbox 465 3674 582 3736; x_wconf 89' lang='lat' dir='ltr'>interim</span> <span class='ocrx_word' id='word_1_283' title='bbox 595 3673 694 3736; x_wconf 90' lang='lat' dir='ltr'>Galba</span> <span class='ocrx_word' id='word_1_284' title='bbox 710 3690 740 3736; x_wconf 90' lang='lat' dir='ltr'>et</span> <span class='ocrx_word' id='word_1_285' title='bbox 756 3674 846 3737; x_wconf 88' lang='lat' dir='ltr'>sacris</span> <span class='ocrx_word' id='word_1_286' title='bbox 863 3675 1004 3751; x_wconf 89' lang='lat' dir='ltr'>intentus,</span> <span class='ocrx_word' id='word_1_287' title='bbox 1021 3675 1125 3758; x_wconf 84' lang='lat' dir='ltr'>fatiga·</span> 
     </span>
     <span class='ocr_line' id='line_1_40' title="bbox 127 3758 1124 3844; baseline -0.002 -17"><span class='ocrx_word' id='word_1_288' title='bbox 127 3762 180 3827; x_wconf 89' lang='lat' dir='ltr'>bat</span> <span class='ocrx_word' id='word_1_289' title='bbox 205 3761 292 3823; x_wconf 87' lang='lat' dir='ltr'>alieni</span> <span class='ocrx_word' id='word_1_290' title='bbox 313 3758 376 3844; x_wconf 88' lang='lat' dir='ltr'>jam</span> <span class='ocrx_word' id='word_1_291' title='bbox 401 3758 522 3843; x_wconf 88' lang='lat' dir='ltr'>Imperii</span> <span class='ocrx_word' id='word_1_292' title='bbox 539 3759 645 3822; x_wconf 90' lang='lat' dir='ltr'>Deos:</span> <span class='ocrx_word' id='word_1_293' title='bbox 677 3761 746 3824; x_wconf 82' lang='lat' dir='ltr'>otim</span> <span class='ocrx_word' id='word_1_294' title='bbox 763 3761 884 3824; x_wconf 87' lang='lat' dir='ltr'>affertur</span> <span class='ocrx_word' id='word_1_295' title='bbox 906 3784 1015 3838; x_wconf 88' lang='lat' dir='ltr'>rumor,</span> <span class='ocrx_word' id='word_1_296' title='bbox 1041 3763 1124 3844; x_wconf 88' lang='lat' dir='ltr'>‘rapi</span> 
     </span>
     <span class='ocr_line' id='line_1_41' title="bbox 128 3845 1125 3930; baseline -0.002 -16"><span class='ocrx_word' id='word_1_297' title='bbox 128 3851 157 3914; x_wconf 91' lang='lat' dir='ltr'>in</span> <span class='ocrx_word' id='word_1_298' title='bbox 182 3861 288 3926; x_wconf 86' lang='lat' dir='ltr'>castra,</span> <span class='ocrx_word' id='word_1_299' title='bbox 315 3849 461 3910; x_wconf 85' lang='lat' dir='ltr'>incertum</span> <span class='ocrx_word' id='word_1_300' title='bbox 489 3867 579 3930; x_wconf 89' lang='lat' dir='ltr'>quem</span> <span class='ocrx_word' id='word_1_301' title='bbox 603 3845 812 3912; x_wconf 88' lang='lat' dir='ltr'>Senatotem:’</span> <span class='ocrx_word' id='word_1_302' title='bbox 838 3871 921 3929; x_wconf 85' lang='lat' dir='ltr'>mox,</span> <span class='ocrx_word' id='word_1_303' title='bbox 949 3847 1125 3913; x_wconf 89' lang='lat' dir='ltr'>‘Othonem</span> 
     </span>
    </p>
   </div>
   <div class='ocr_carea' id='block_1_4' title="bbox 0 0 1284 4258">
    <p class='ocr_par' dir='ltr' id='par_1_7' title="bbox 0 0 1284 4258">
     <span class='ocr_line' id='line_1_42' title="bbox 0 0 1284 4258; baseline 0 0"><span class='ocrx_word' id='word_1_304' title='bbox 0 0 1284 4258; x_wconf 95' lang='lat' dir='ltr'> </span> 
     </span>
    </p>
   </div>
  </div>
 </body>
</html>
