2514 4318
550 234 734 302 Asaroouu.
1078 234 1145 298 219

135 401 274 478 tolerant,
296 399 361 486 jam
385 398 501 476 domiti,
528 411 561 462 ut
592 365 726 484 puteani,
757 397 903 474 nondum,
942 410 976 462 ut
1000 367 1142 464 servierit.

138 487 234 570 Igitur
249 487 363 571 primus
377 487 513 552 omnium
523 485 735 550 Romanorum
751 484 794 549 D.
805 484 905 550 Julius
920 469 1146 590 cum'exercitp

137 573 327 640 Britanniam
350 559 511 654 ingressis,
528 593 700 658 quanquam
724 571 871 657 prosperi
888 570 991 657 pugni
1006 583 1146 635 terruerat

137 661 263 738 incolas,
279 682 315 724 ac
331 645 430 726 littore
453 661 564 744 potitus
588 660 636 737 sit,
653 645 751 742 poted
766 636 1054 724 videdostenuissd
1075 677 1145 743 pos·

135 749 219 826 teris,
242 755 302 812 obn
325 747 493 811 tradidisse.
538 745 617 811 Mox
640 735 730 810 bell(
743 734 851 824 civitid,
876 760 907 810 et
930 745 960 808 in
982 743 1145 828 Rempub·
1181 734 1199 797 s

136 835 228 900 licam
246 855 331 898 verso
357 835 525 918 principum
549 855 642 909 arma,
666 853 702 895 ac
728 832 817 914 longa
843 833 957 896 oblivio
979 831 1142 896 Britanniae
1190 861 1192 870 ¹

137 923 230 987 etiam
254 921 282 985 io
299 943 386 1006 paee.
432 903 603 986 Consilium
618 919 648 982 id
665 918 709 982 D.
727 919 881 1001 Augustus
897 919 1032 996 uocabat,
1047 917 1145 982 Tibe·

137 1009 198 1072 rius
214 1024 406 1110 preceptum.
453 1005 594 1090 Agitisse
618 1004 658 1070 C.
676 1005 827 1069 Caesarem
851 1006 890 1069 de
914 1004 1052 1070 rutunda
1074 1005 1144 1069 Bri·

141 1094 254 1173 tonniis,
270 1111 341 1160 saus
362 1084 535 1171 constats‘ni
553 1093 644 1156 velox
667 1093 799 1176 ingenio,
815 1092 933 1157 mobilis
956 1091 1146 1178 poenitentib,

142 1197 174 1246 et
189 1183 325 1266 ingentes
347 1181 492 1246 adversius
515 1179 860 1244 Germaniam‘cooatus
886 1179 995 1248 smstrb
1010 1179 1145 1244 luissent.

142 1267 242 1334 Divus
258 1267 406 1334 Claudius
421 1283 525 1333 auctor
539 1268 649 1352 operis,
666 1267 840 1332 transvectis
855 1267 1022 1349 legionibus
1037 1267 1146 1330 auxili·

142 1356 240 1441 isque,
256 1369 287 1420 et
302 1370 436 1420 assumto
452 1356 480 1420 in
503 1371 619 1440 partem
642 1375 742 1418 rerum
761 1351 971 1437 Vespasiano:
995 1354 1075 1436 quod
1092 1353 1147 1416 ini-

142 1442 217 1507 tium
232 1456 364 1506 venture
380 1463 453 1506 mox
468 1441 593 1504 fortuna:
609 1439 682 1504 suit:
707 1439 827 1502 domitae
850 1453 968 1521 gentes,
983 1440 1064 1524 capti
1080 1437 1147 1502 Re·

142 1549 207 1614 ges,
223 1543 253 1594 et
269 1541 450 1594 monstratus
461 1527 528 1590 satis
545 1524 764 1609 Vespasianus.
888 1574 895 1582 .
1091 1543 1157 1624 „gg
1239 1601 1240 1604 Ἴ

185 1613 276 1680 XIV.
300 1597 514 1678 Consulariuin
537 1611 650 1696 primus
672 1611 770 1675 Aulus
793 1607 932 1674 Plautius
956 1609 1189 1695 praepositus&¹

142 1722 179 1766 ac
194 1674 322 1764 subiride
344 1698 482 1762 Ostorius
505 1697 648 1780 Scapula,
664 1681 791 1780 uterdue
814 1696 895 1760 bello
916 1697 1075 1780 egregius:
1098 1719 1147 1761 re·

142 1772 293 1872 dacts(que
323 1785 466 1870 paulatim
492 1784 522 1848 in
552 1783 678 1847 sormam
717 1783 878 1866 provincie
908 1784 1145 1870 proxirnaspars
1209 1795 1211 1808 ‘

142 1872 326 1938 Britannia:
351 1869 454 1936 additi:
468 1871 591 1954 insuper
609 1853 821 1934 veteranorum:
843 1870 983 1936 coloniis:
1008 1853 1164 1957 quadan(

142 1959 278 2024 civitates
303 1957 466 2039 Cogiduno
492 1957 574 2040 Regi
600 1957 736 2022 donate:
762 1946 810 2036 (is‘
827 1958 865 2022 ad
888 1972 1029 2040 nostram
1048 1979 1144 2044 usque
1178 1960 1186 1974 '

142 2045 318 2108 memoriam
343 2023 502 2108 fidissimirs
528 2031 670 2129 madsitz)
695 2057 854 2108 veteres:
875 2045 939 2132 jam
963 2046 1081 2130 pridem
1098 2067 1147 2109 re·
1222 2105 1224 2114 ,

123 2133 127 2140 ’
144 2129 236 2216 cepti
252 2131 362 2217 Populi
379 2131 511 2196 Romani
522 2123 751 2209 consuetudirse,
761 2146 794 2195 ut
809 2132 935 2196 baberet
950 2133 1147 2196 instrumenta
1223 2165 1227 2204 :

142 2219 302 2282 servitutis·
314 2231 345 2282 et
361 2217 477 2300 Reges.
523 2217 602 2282 Mox
618 2217 729 2282 Didius
744 2217 851 2283 Gallus
866 2233 950 2302 parta
966 2240 984 2282 a
998 2218 1146 2303 prioribus
1165 2253 1189 2264 ν

141 2305 298 2384 continuit,
315 2305 420 2390 paucis
438 2305 601 2368 admodum
621 2304 752 2370 castellis
772 2304 802 2367 in
825 2305 966 2368 ulteriora
989 2305 1145 2388 promotis,

144 2413 281 2479 perque
298 2392 378 2456 sama
400 2393 480 2456 aucti
504 2393 596 2456 officii
618 2375 811 2478 quaereretur.
855 2390 981 2456 Didium
999 2390 1146 2456 Veranius

143 2482 278 2566 excepit,
294 2481 379 2566 isque
401 2481 478 2544 intra
493 2501 606 2554 annum
628 2481 780 2544 extinctus
796 2494 851 2544 est.
898 2478 1060 2543 Suetonius
1076 2479 1147 2544 binc

142 2563 288 2634 Paulinus
304 2567 425 2632 biennio
447 2589 604 2653 prosperas
626 2589 674 2631 res
691 2567 803 2644 habuit,
819 2567 950 2631 subactis
965 2567 1146 2646 nationibus,
1204 2611 1208 2632 .

142 2653 324 2740 firmatisque
347 2655 511 2738 presidiis:
534 2677 661 2739 quorum
684 2654 794 2718 fiducia
816 2653 942 2718 Monam
958 2655 1096 2731 insulam,
1112 2667 1146 2718 ut
1196 2656 1208 2749 j

141 2741 220 2804 vires
246 2741 408 2806 rebellibus
435 2741 663 2816 ministrantem,
686 2761 856 2823 aggressus,
878 2755 963 2824 terga
992 2741 1145 2806 occasioni
1172 2758 1195 2819 ,³

144 2825 298 2910 patefecit.
758 2867 760 2874 .
853 2825 857 2838 ”
1031 2844 1153 2883 ..κ

187 2909 262 2974 XV.
286 2887 429 2995 Namqtie
452 2911 588 2975 absentib
612 2910 721 2996 Legati
745 2925 863 2976 remoto
892 2925 987 2989 metu,
1008 2911 1145 2976 Britanni
1239 2935 1240 2940 ¹

143 2974 255 3082 agitads
272 2997 348 3068 inter
360 3019 393 3060 se
411 2999 488 3085 mala
503 2999 663 3074 servitutis,
678 2997 816 3062 conferre
829 2998 949 3084 injurias
961 3014 991 3062 et
1002 2982 1201 3082 interme-²2.

17 3115 20 3134 ι
87 3123 90 3128 ·
144 3085 238 3148 tando
254 3085 421 3148 accendere
432 3085 473 3148 :i‘
486 3063 558 3147 nilr‘il
576 3068 678 3169 proiibi
703 3085 857 3169 patientiis,
873 3086 927 3149 nisi
951 3098 984 3147 ut
1000 3085 1146 3167 graviora,

142 3187 284 3256 tanquam
312 3167 457 3235 ex‘lacili
480 3172 683 3248 tolerantibus,
715 3173 920 3256 imperentur:
945 3171 1076 3255 singulos
1091 3171 1147 3235 sibi

82 3309 93 3332 ,λ
141 3258 214 3322 olim
231 3257 337 3341 Reges
356 3257 457 3335 luisse,
481 3279 561 3321 nunc
582 3259 667 3321 binos
686 3259 822 3342 imponi:
846 3257 987 3344 equibus
1011 3257 1147 3340 Legatos

54 3297 104 3384 ’ἢ
141 3345 170 3410 in
187 3335 374 3426 sauguinem,
391 3343 574 3408 Procurator
597 3346 626 3408 in
650 3345 728 3407 bona
742 3333 886 3418 saeviret.)
913 3344 1016 3430 AEqub
1033 3345 1148 3410 discor·
1194 3374 1197 3380 ·

144 3431 225 3494 diam
242 3419 483 3516 Praepositoru‘m
494 3431 579 3515 aequb
597 3430 801 3510 concordiam,
813 3430 956 3518 subjectis
967 3431 1148 3496 exitiosam:

143 3517 267 3582 alterius
295 3539 411 3594 manus,
439 3517 641 3582 Centuriones
668 3518 800 3594 alterius,
818 3519 876 3582 vim
902 3534 932 3583 et
951 3521 1161 3584 contumelias

143 3605 282 3668 miscere.
328 3603 411 3668 Nibil
428 3604 492 3692 jam
508 3591 677 3689 cupiditati,
693 3605 765 3668 nibil
782 3606 894 3670 libidini
910 3621 1095 3692 exceptum:
1118 3607 1146 3668 in

145 3691 249 3774 praelio
273 3690 424 3756 fortiorem
448 3713 527 3769 esse,
554 3693 605 3778 qui
632 3693 761 3778 spoliet:
785 3715 866 3756 nuno
890 3693 928 3756 ab
944 3694 1060 3775 ignavis
1083 3692 1148 3776 pla-

141 3798 269 3865 rumque
285 3792 316 3842 et
332 3779 503 3844 imbellibus
521 3779 595 3866 eripi
615 3779 732 3859 domos,
749 3779 879 3844 abstrahi
894 3780 1016 3856 liberos,
1031 3777 1146 3863 injungi
