2484 4316
58 237 62 249 ,
138 166 180 232 A.
197 164 238 232 C.
255 164 324 252 69.]
417 161 560 228 Hrsron.
587 161 662 227 Lrs.
686 162 860 239 annrus.
1079 163 1177 227 139Ἰ

139 332 220 396 mala
234 329 443 415 loquebantur.
488 327 523 392 ld
538 327 650 391 bellum
667 328 775 412 quibus
789 325 1010 404 causis'ortum,
1030 343 1143 411 quanto

34 419 38 430 '
141 433 337 483 externarum
360 415 570 498 sociarumque
593 416 725 494 gentium
752 427 834 477 motu
851 413 1032 496 flagraverit,
1059 414 1145 477 altius

141 503 317 589 expediam.
363 501 482 578 Batavi,
513 503 610 563 donec
632 516 711 564 trans
739 499 882 563 Rhenum
910 500 1048 580 agebant,
1076 521 1145 584 pars

141 589 304 654 Cattorum
319 610 328 651 r
350 587 496 650 seditione
508 585 675 650 domestici:
690 587 777 672 pulsi,
789 601 927 650 extrema
939 585 1064 649 Gallica:
1075 607 1144 664 orae,

141 697 239 740 vacua
253 674 427 749 cultoribus,
444 673 591 756 simulque
607 673 744 748 insulam,
760 694 840 735 nunc
865 672 1037 751 Bataviam,
1052 693 1146 736 occu·

142 762 266 848 pavere,
288 781 378 844 quam
394 779 476 821 mare
492 757 636 822 Oceanus
658 781 675 821 a
700 758 807 836 fronte,
830 757 960 821 Rhenus
976 759 1071 821 amnis
1087 775 1146 824 ter-

143 870 216 933 gum
232 869 268 915 ac
283 847 375 910 latera
391 845 579 908 circumluit:
601 866 658 908 nec
674 845 791 928 opibus,
800 845 945 908 societate
958 845 1145 923 validiorum,

143 935 245 1011 attriti,
261 934 338 996 viros
354 930 470 994 tantum
486 952 628 1016 armaque
644 930 775 1015 lmpen'o
790 931 976 994 ministrant:
1001 932 1050 994 diu
1068 931 1147 996 Ger·

144 1021 269 1086 manicis
294 1018 381 1081 bellis
396 1017 541 1081 exerciti:
573 1039 646 1080 mox
661 1031 748 1080 aucta
773 1039 826 1102 per
840 1016 1025 1086 Britanniam
1042 1018 1145 1100 gloria,

144 1106 321 1172 transmissis
336 1105 406 1166 illuc
418 1103 600 1179 cohortibus,
616 1125 689 1187 quas
706 1117 808 1166 vetere
824 1103 957 1168 instituto
972 1104 1147 1168 nobilissimi

146 1192 331 1277 popularium
354 1189 510 1272 regebant.
556 1189 630 1252 Erat
647 1203 678 1252 et
693 1189 774 1252 domi
791 1189 927 1254 delectus
943 1211 1048 1274 eques,
1073 1213 1147 1276 prae·

145 1279 237 1360 cipuo
253 1277 341 1339 nandi
357 1276 465 1352 studio,
482 1296 564 1338 arma
579 1297 733 1360 equosque
749 1277 889 1356 retinens,
906 1277 1028 1360 integris
1043 1278 1147 1341 turmis

145 1361 291 1427 Rhenum
308 1383 513 1446 perrumpere.

190 1448 283 1513 Xlll.
306 1447 404 1511 Julius
420 1447 534 1511 Paulus
556 1461 587 1512 et
609 1447 758 1512 Claudius
778 1447 894 1526 Civilis,
922 1447 1023 1532 Regii:
1043 1451 1146 1535 stirpe,

145 1535 242 1601 multo
262 1550 379 1599 ceteros
402 1534 565 1598 anteibant.
611 1533 741 1598 Paulum
758 1533 905 1598 Fonteius
927 1534 1050 1620 Capito,
1074 1536 1148 1600 salso

145 1621 316 1687 rebellionis
331 1621 466 1697 crimine,
483 1619 643 1684 interfecit.
690 1619 811 1704 lnjectae
827 1620 914 1684 Civili
930 1635 1054 1697 catena,
1078 1622 1149 1687 mis·

146 1729 258 1794 susque
275 1709 311 1770 ad
334 1706 488 1770 Neronem
505 1720 536 1770 et
552 1728 568 1768 a
585 1705 686 1768 Garbe
701 1708 862 1783 absolutus,
879 1707 934 1770 sub
948 1705 1070 1771 Vitellio
1085 1730 1149 1772 rur·

146 1817 198 1861 sus
225 1794 385 1858 discrimen
412 1793 493 1870 adiit,
521 1792 671 1874 flagitante
697 1793 876 1876 supplicium
904 1792 970 1878 ejus
999 1796 1147 1860 exercitu.

147 1880 225 1944 Inde
237 1901 334 1943 causae
350 1880 471 1955 irarum,
487 1899 618 1963 spesque
635 1899 675 1941 ex
691 1880 776 1940 malis
791 1879 909 1942 nostris.
955 1879 1017 1942 Sed
1033 1881 1148 1961 Civilis,

147 1966 226 2031 ultra
240 1965 330 2050 quiam
346 1965 477 2027 barbaris
493 1966 624 2042 solitum,
648 1965 767 2048 ingenio
782 1965 886 2040 solers,
909 1978 941 2028 et
963 1965 1148 2032 ‘Sertorium

147 2053 191 2117 se’
208 2067 260 2116 aut
275 2050 508 2114 ‘Hannibalem'
525 2049 636 2126 serens,
646 2051 732 2114 simili
749 2052 807 2114 oris
819 2052 1097 2132 dehonestamento,
1110 2075 1149 2120 ne

148 2153 182 2203 ut
197 2138 274 2202 hosti
285 2137 403 2199 obviem
415 2137 517 2214 iretur,
533 2138 556 2200 si
573 2158 591 2200 a
606 2137 725 2221 Populo
737 2137 878 2201 Romano
890 2138 988 2224 palam
1005 2139 1150 2206 descivis-

148 2239 206 2302 set,
226 2223 403 2307 Vespasiani
434 2223 595 2288 amicitiam
618 2223 809 2308 studiumque
826 2225 953 2307 partium
969 2227 1147 2309 pretendit:

148 2311 245 2376 missis
260 2309 332 2373 sane
349 2310 387 2372 ad
403 2330 472 2372 eum
489 2309 584 2373 Primi
600 2309 723 2372 Antonii
739 2311 842 2387 literis,
858 2310 977 2396 quibus,
993 2317 1150 2377 ‘avertere

149 2397 246 2462 accita
259 2394 384 2458 Vitellio
399 2395 510 2458 auxilia
522 2409 563 2474 et,
575 2395 720 2459 tumultirs
735 2395 908 2460 Germanici
924 2397 1038 2478 specie,
1050 2415 1151 2464 reten-

148 2498 213 2549 tare
229 2481 371 2567 logiones’
376 2481 550 2567 jubebatur.
597 2481 714 2546 Eadem
728 2481 922 2547 Hordeonius
934 2482 1064 2548 Flaccus
1077 2509 1151 2571 prae-

149 2589 220 2634 sens
232 2583 398 2644 monuerat,
411 2567 553 2632 inclinato
568 2569 596 2632 in
610 2567 829 2653 Vespasianum
846 2570 956 2648 animo,
966 2585 997 2634 et
1013 2569 1152 2657 Reipub-

150 2655 216 2720 lice
231 2654 323 2732 carim
346 2655 394 2718 cui
411 2655 563 2718 excidium
580 2654 771 2732 adventabat,
798 2656 822 2718 si
838 2657 1071 2739 redintegratum
1087 2659 1153 2724 bel·
1234 2703 1235 2712 κ

150 2743 213 2806 lum
229 2757 259 2805 et
273 2755 317 2805 tot
332 2754 512 2804 armatorum
529 2742 620 2804 millia
635 2741 751 2803 ltaliam
767 2742 954 2824 irrupissent.

174 2825 287 2891 ·XlV.
311 2826 404 2909 lgitnr
419 2825 537 2905 Civilis,
553 2827 741 2890 desciscendi
766 2841 878 2902 certus,
901 2827 1053 2892 occultato
1075 2830 1153 2895 inte-

152 2915 206 2979 rim
222 2913 327 2976 altiore
343 2913 477 2989 consilio,
501 2928 602 2978 cetera
627 2933 667 2974 ex
692 2927 802 2976 eventu
822 2911 1021 2996 judicaturus,
1040 2937 1153 2982 novare
1231 2939 1233 2952 ’

112 3009 114 3014 ’
152 3000 274 3064 reshoc
297 2999 507 3082 modocoepit.
552 2999 644 3061 Jussu
660 2996 785 3074 Vitellii,
812 2997 996 3082 Batauorum
1007 2999 1154 3084 juventus

152 3085 190 3150 ad
205 3085 357 3168 delectum
375 3084 557 3165 vocabatur;
581 3105 682 3170 quem
696 3083 803 3168 sniapte
816 3083 923 3146 naturis
936 3105 1070 3166 gravem,
1080 3109 1154 3152 one·

151 3172 256 3236 rabant
272 3173 394 3234 ministri
410 3169 584 3235 avaritiam
599 3172 684 3248 luxu,
700 3191 789 3233 senes
804 3184 856 3233 aut
871 3170 1016 3234 invalidos
1027 3177 1154 3260 conqui·
1230 3171 1231 3174 '

151 3259 257 3336 rendo,
272 3279 346 3342 quos
363 3257 457 3342 pretio
472 3257 676 3321 dimitterent:
706 3279 807 3321 rursus
821 3257 971 3340 impubes,
986 3259 1040 3322 sed
1057 3258 1154 3327 sormi

152 3345 307 3428 conspicui
334 3347 380 3424 (et
395 3357 450 3406 est
475 3344 626 3428 plerisque
643 3365 766 3428 procera
790 3342 932 3429 pueritia)
956 3344 992 3407 ad
1016 3361 1153 3433 stuprum

152 3431 355 3497 trahebantur.
402 3428 484 3493 Hinc
508 3431 637 3494 invidia:
662 3445 692 3492 et
716 3431 889 3513 composite
903 3431 1057 3497 seditionis
1081 3457 1153 3500 auc·
1227 3501 1228 3514 ,

153 3532 235 3582 tores
251 3515 421 3601 perpulere,
437 3530 470 3580 ut
489 3516 641 3580 delectum
665 3516 841 3580 abnuerent.
887 3515 994 3580 Civilis
1010 3521 1155 3602 primores

154 3604 252 3687 gentis
276 3619 306 3666 et
330 3603 545 3686 promtissimos
561 3603 653 3685 vulgi,
677 3603 780 3686 specie
806 3603 961 3686 epularum
986 3625 1104 3671 sacrum
1125 3611 1154 3672 in

153 3711 260 3755 nemus
277 3705 410 3768 vocatos,
426 3691 476 3754 ubi
489 3705 577 3755 nocte
593 3713 629 3755 ac
641 3689 743 3754 laetitib
758 3691 915 3755 incaluisse
933 3691 1025 3771 videt,
1037 3714 1054 3756 a
1066 3693 1155 3760 laude
1225 3709 1226 3714 ’
