<?xml version="1.0" encoding="UTF-8"?>
<!DOCTYPE html PUBLIC "-//W3C//DTD XHTML 1.0 Transitional//EN"
    "http://www.w3.org/TR/xhtml1/DTD/xhtml1-transitional.dtd">
<html xmlns="http://www.w3.org/1999/xhtml" xml:lang="en" lang="en">
 <head>
  <title>
</title>
<meta http-equiv="Content-Type" content="text/html;charset=utf-8" />
  <meta name='ocr-system' content='tesseract 3.04.00' />
  <meta name='ocr-capabilities' content='ocr_page ocr_carea ocr_par ocr_line ocrx_word'/>
</head>
<body>
  <div class='ocr_page' id='page_1' title='image "./ccorneliitaciti24tacigoog_0089.png"; bbox 0 0 2560 4258; ppageno 0'>
   <div class='ocr_carea' id='block_1_1' title="bbox 124 195 1135 286">
    <p class='ocr_par' dir='ltr' id='par_1_1' title="bbox 124 195 1135 286">
     <span class='ocr_line' id='line_1_1' title="bbox 124 195 1135 286; baseline -0.014 -15"><span class='ocrx_word' id='word_1_1' title='bbox 124 207 167 272; x_wconf 77' lang='lat' dir='ltr'><strong>A.</strong></span> <span class='ocrx_word' id='word_1_2' title='bbox 184 205 306 286; x_wconf 84' lang='lat' dir='ltr'><strong>C.69.]</strong></span> <span class='ocrx_word' id='word_1_3' title='bbox 423 201 566 267; x_wconf 79' lang='lat' dir='ltr'><strong>Hrsrou.</strong></span> <span class='ocrx_word' id='word_1_4' title='bbox 590 199 666 265; x_wconf 82' lang='lat' dir='ltr'><strong>Ins.</strong></span> <span class='ocrx_word' id='word_1_5' title='bbox 690 199 833 264; x_wconf 81' lang='lat' dir='ltr'><strong>Paruus.</strong></span> <span class='ocrx_word' id='word_1_6' title='bbox 1090 195 1135 258; x_wconf 78' lang='lat' dir='ltr'><strong>et</strong></span> 
     </span>
    </p>
   </div>
   <div class='ocr_carea' id='block_1_2' title="bbox 109 359 1143 3790">
    <p class='ocr_par' dir='ltr' id='par_1_2' title="bbox 109 359 1143 2514">
     <span class='ocr_line' id='line_1_2' title="bbox 109 359 1138 450; baseline -0.013 -15"><span class='ocrx_word' id='word_1_7' title='bbox 109 385 180 436; x_wconf 85' lang='lat' dir='ltr'><strong>·tur</strong></span> <span class='ocrx_word' id='word_1_8' title='bbox 196 389 288 450; x_wconf 81' lang='lat' dir='ltr'><strong>vagos</strong></span> <span class='ocrx_word' id='word_1_9' title='bbox 310 380 342 430; x_wconf 91' lang='lat' dir='ltr'><strong>et</strong></span> <span class='ocrx_word' id='word_1_10' title='bbox 365 366 528 430; x_wconf 89' lang='lat' dir='ltr'><strong>incuriosos</strong></span> <span class='ocrx_word' id='word_1_11' title='bbox 544 364 630 428; x_wconf 83' lang='lat' dir='ltr'><strong>tertia</strong></span> <span class='ocrx_word' id='word_1_12' title='bbox 652 364 742 446; x_wconf 83' lang='lat' dir='ltr'><strong>legio,</strong></span> <span class='ocrx_word' id='word_1_13' title='bbox 766 360 914 448; x_wconf 90' lang='lat' dir='ltr'><strong>adjunctis</strong></span> <span class='ocrx_word' id='word_1_14' title='bbox 939 359 1067 436; x_wconf 87' lang='lat' dir='ltr'><strong>auxiliis,</strong></span> <span class='ocrx_word' id='word_1_15' title='bbox 1091 381 1138 422; x_wconf 89' lang='lat' dir='ltr'><strong>re-</strong></span> 
     </span>
     <span class='ocr_line' id='line_1_3' title="bbox 133 446 1138 541; baseline -0.01 -23"><span class='ocrx_word' id='word_1_16' title='bbox 133 455 227 541; x_wconf 76' lang='lat' dir='ltr'><strong>pente</strong></span> <span class='ocrx_word' id='word_1_17' title='bbox 251 453 376 516; x_wconf 88' lang='lat' dir='ltr'><strong>invasit:</strong></span> <span class='ocrx_word' id='word_1_18' title='bbox 404 453 488 536; x_wconf 67' lang='lat' dir='ltr'><strong>&#39;apud</strong></span> <span class='ocrx_word' id='word_1_19' title='bbox 518 448 673 514; x_wconf 87' lang='lat' dir='ltr'><strong>Romanos</strong></span> <span class='ocrx_word' id='word_1_20' title='bbox 699 451 799 512; x_wconf 87' lang='lat' dir='ltr'><strong>omnia</strong></span> <span class='ocrx_word' id='word_1_21' title='bbox 827 449 928 532; x_wconf 78' lang='lat' dir='ltr'><strong>prelio</strong></span> <span class='ocrx_word' id='word_1_22' title='bbox 954 464 1042 530; x_wconf 89' lang='lat' dir='ltr'><strong>apta:</strong></span> <span class='ocrx_word' id='word_1_23' title='bbox 1068 446 1138 508; x_wconf 73' lang='lat' dir='ltr'><strong>Sar</strong></span> 
     </span>
     <span class='ocr_line' id='line_1_4' title="bbox 132 533 1140 622; baseline -0.009 -17"><span class='ocrx_word' id='word_1_24' title='bbox 132 557 233 617; x_wconf 81' lang='lat' dir='ltr'><strong>matre,</strong></span> <span class='ocrx_word' id='word_1_25' title='bbox 258 538 383 622; x_wconf 88' lang='lat' dir='ltr'><strong>dispersi</strong></span> <span class='ocrx_word' id='word_1_26' title='bbox 399 538 540 622; x_wconf 87' lang='lat' dir='ltr'><strong>cupidine</strong></span> <span class='ocrx_word' id='word_1_27' title='bbox 557 538 674 620; x_wconf 75' lang='lat' dir='ltr'><strong>praede,</strong></span> <span class='ocrx_word' id='word_1_28' title='bbox 702 550 754 598; x_wconf 84' lang='lat' dir='ltr'><strong>aut</strong></span> <span class='ocrx_word' id='word_1_29' title='bbox 776 557 882 616; x_wconf 83' lang='lat' dir='ltr'><strong>graves</strong></span> <span class='ocrx_word' id='word_1_30' title='bbox 897 555 989 596; x_wconf 88' lang='lat' dir='ltr'><strong>onere</strong></span> <span class='ocrx_word' id='word_1_31' title='bbox 1010 533 1140 596; x_wconf 87' lang='lat' dir='ltr'><strong>sarcina-</strong></span> 
     </span>
     <span class='ocr_line' id='line_1_5' title="bbox 131 620 1140 706; baseline -0.009 -15"><span class='ocrx_word' id='word_1_32' title='bbox 131 649 211 703; x_wconf 89' lang='lat' dir='ltr'><strong>rum,</strong></span> <span class='ocrx_word' id='word_1_33' title='bbox 228 641 258 688; x_wconf 91' lang='lat' dir='ltr'><strong>et</strong></span> <span class='ocrx_word' id='word_1_34' title='bbox 274 625 389 688; x_wconf 88' lang='lat' dir='ltr'><strong>lubrico</strong></span> <span class='ocrx_word' id='word_1_35' title='bbox 403 625 542 687; x_wconf 90' lang='lat' dir='ltr'><strong>itinerum</strong></span> <span class='ocrx_word' id='word_1_36' title='bbox 559 621 681 686; x_wconf 65' lang='lat' dir='ltr'><strong>ademta</strong></span> <span class='ocrx_word' id='word_1_37' title='bbox 692 643 837 706; x_wconf 87' lang='lat' dir='ltr'><strong>equorum</strong></span> <span class='ocrx_word' id='word_1_38' title='bbox 852 621 1038 704; x_wconf 79' lang='lat' dir='ltr'>pernicitate,</span> <span class='ocrx_word' id='word_1_39' title='bbox 1057 620 1140 682; x_wconf 91' lang='lat' dir='ltr'><strong>velut</strong></span> 
     </span>
     <span class='ocr_line' id='line_1_6' title="bbox 134 705 1140 793; baseline -0.008 -17"><span class='ocrx_word' id='word_1_40' title='bbox 134 714 227 776; x_wconf 86' lang='lat' dir='ltr'><strong>vincti</strong></span> <span class='ocrx_word' id='word_1_41' title='bbox 250 711 453 774; x_wconf 77' lang='lat' dir='ltr'><strong>cedebantur.</strong></span> <span class='ocrx_word' id='word_1_42' title='bbox 508 709 649 793; x_wconf 85' lang='lat' dir='ltr'><strong>Namque</strong></span> <span class='ocrx_word' id='word_1_43' title='bbox 673 709 780 770; x_wconf 87' lang='lat' dir='ltr'><strong>mirum</strong></span> <span class='ocrx_word' id='word_1_44' title='bbox 808 708 901 784; x_wconf 88' lang='lat' dir='ltr'><strong>dictu,</strong></span> <span class='ocrx_word' id='word_1_45' title='bbox 926 721 957 769; x_wconf 87' lang='lat' dir='ltr'><strong>ut</strong></span> <span class='ocrx_word' id='word_1_46' title='bbox 982 707 1019 768; x_wconf 89' lang='lat' dir='ltr'><strong>sit</strong></span> <span class='ocrx_word' id='word_1_47' title='bbox 1043 705 1140 768; x_wconf 87' lang='lat' dir='ltr'><strong>omnis</strong></span> 
     </span>
     <span class='ocr_line' id='line_1_7' title="bbox 134 793 1138 878; baseline -0.006 -15"><span class='ocrx_word' id='word_1_48' title='bbox 134 799 339 863; x_wconf 79' lang='lat' dir='ltr'><strong>Sarmatarum</strong></span> <span class='ocrx_word' id='word_1_49' title='bbox 356 798 447 860; x_wconf 90' lang='lat' dir='ltr'><strong>virtus</strong></span> <span class='ocrx_word' id='word_1_50' title='bbox 463 796 544 859; x_wconf 90' lang='lat' dir='ltr'><strong>velut</strong></span> <span class='ocrx_word' id='word_1_51' title='bbox 561 811 646 858; x_wconf 84' lang='lat' dir='ltr'><strong>extra</strong></span> <span class='ocrx_word' id='word_1_52' title='bbox 669 795 771 878; x_wconf 91' lang='lat' dir='ltr'><strong>ipsos:</strong></span> <span class='ocrx_word' id='word_1_53' title='bbox 804 795 875 856; x_wconf 89' lang='lat' dir='ltr'><strong>nihil</strong></span> <span class='ocrx_word' id='word_1_54' title='bbox 901 793 937 856; x_wconf 86' lang='lat' dir='ltr'><strong>ad</strong></span> <span class='ocrx_word' id='word_1_55' title='bbox 967 793 1138 876; x_wconf 78' lang='lat' dir='ltr'><strong>pedestrem</strong></span> 
     </span>
     <span class='ocr_line' id='line_1_8' title="bbox 134 879 1141 971; baseline -0.006 -23"><span class='ocrx_word' id='word_1_56' title='bbox 134 906 267 971; x_wconf 83' lang='lat' dir='ltr'><strong>pugnant</strong></span> <span class='ocrx_word' id='word_1_57' title='bbox 284 898 345 945; x_wconf 90' lang='lat' dir='ltr'><strong>tam</strong></span> <span class='ocrx_word' id='word_1_58' title='bbox 361 884 521 963; x_wconf 80' lang='lat' dir='ltr'><strong>ignarum:</strong></span> <span class='ocrx_word' id='word_1_59' title='bbox 546 881 595 944; x_wconf 91' lang='lat' dir='ltr'><strong>ubi</strong></span> <span class='ocrx_word' id='word_1_60' title='bbox 614 903 667 964; x_wconf 91' lang='lat' dir='ltr'><strong>per</strong></span> <span class='ocrx_word' id='word_1_61' title='bbox 691 896 803 942; x_wconf 87' lang='lat' dir='ltr'><strong>turmas</strong></span> <span class='ocrx_word' id='word_1_62' title='bbox 825 881 987 956; x_wconf 67' lang='lat' dir='ltr'><strong>advenere,</strong></span> <span class='ocrx_word' id='word_1_63' title='bbox 1010 881 1061 940; x_wconf 89' lang='lat' dir='ltr'><strong>rix</strong></span> <span class='ocrx_word' id='word_1_64' title='bbox 1079 879 1141 942; x_wconf 87' lang='lat' dir='ltr'><strong>ulla</strong></span> 
     </span>
     <span class='ocr_line' id='line_1_9' title="bbox 133 966 1138 1049; baseline -0.007 -14"><span class='ocrx_word' id='word_1_65' title='bbox 133 974 217 1035; x_wconf 89' lang='lat' dir='ltr'><strong>acies</strong></span> <span class='ocrx_word' id='word_1_66' title='bbox 232 969 388 1032; x_wconf 85' lang='lat' dir='ltr'><strong>obstiterit.</strong></span> <span class='ocrx_word' id='word_1_67' title='bbox 435 968 497 1031; x_wconf 86' lang='lat' dir='ltr'><strong>Sed</strong></span> <span class='ocrx_word' id='word_1_68' title='bbox 515 985 576 1032; x_wconf 90' lang='lat' dir='ltr'><strong>tum</strong></span> <span class='ocrx_word' id='word_1_69' title='bbox 591 966 715 1029; x_wconf 91' lang='lat' dir='ltr'><strong>humido</strong></span> <span class='ocrx_word' id='word_1_70' title='bbox 731 967 778 1028; x_wconf 88' lang='lat' dir='ltr'><strong>die</strong></span> <span class='ocrx_word' id='word_1_71' title='bbox 795 981 825 1029; x_wconf 92' lang='lat' dir='ltr'><strong>et</strong></span> <span class='ocrx_word' id='word_1_72' title='bbox 841 967 940 1028; x_wconf 87' lang='lat' dir='ltr'><strong>soluto</strong></span> <span class='ocrx_word' id='word_1_73' title='bbox 956 967 1025 1047; x_wconf 84' lang='lat' dir='ltr'><strong>gelu</strong></span> <span class='ocrx_word' id='word_1_74' title='bbox 1039 985 1138 1049; x_wconf 91' lang='lat' dir='ltr'><strong>neque</strong></span> 
     </span>
     <span class='ocr_line' id='line_1_10' title="bbox 132 1051 1141 1138; baseline -0.008 -18"><span class='ocrx_word' id='word_1_75' title='bbox 132 1057 230 1132; x_wconf 87' lang='lat' dir='ltr'><strong>conti,</strong></span> <span class='ocrx_word' id='word_1_76' title='bbox 254 1075 353 1138; x_wconf 88' lang='lat' dir='ltr'><strong>neque</strong></span> <span class='ocrx_word' id='word_1_77' title='bbox 369 1054 468 1136; x_wconf 81' lang='lat' dir='ltr'><strong>gladii,</strong></span> <span class='ocrx_word' id='word_1_78' title='bbox 486 1075 561 1138; x_wconf 91' lang='lat' dir='ltr'><strong>quos</strong></span> <span class='ocrx_word' id='word_1_79' title='bbox 585 1054 749 1136; x_wconf 80' lang='lat' dir='ltr'><strong>praelongos</strong></span> <span class='ocrx_word' id='word_1_80' title='bbox 765 1051 892 1136; x_wconf 83' lang='lat' dir='ltr'><strong>utraique</strong></span> <span class='ocrx_word' id='word_1_81' title='bbox 916 1073 1004 1114; x_wconf 91' lang='lat' dir='ltr'><strong>manu</strong></span> <span class='ocrx_word' id='word_1_82' title='bbox 1022 1067 1141 1133; x_wconf 86' lang='lat' dir='ltr'><strong>regunt,</strong></span> 
     </span>
     <span class='ocr_line' id='line_1_11' title="bbox 132 1137 1139 1224; baseline -0.005 -20"><span class='ocrx_word' id='word_1_83' title='bbox 132 1143 217 1216; x_wconf 84' lang='lat' dir='ltr'><strong>usui,</strong></span> <span class='ocrx_word' id='word_1_84' title='bbox 238 1141 422 1222; x_wconf 81' lang='lat' dir='ltr'><strong>lapsantibus</strong></span> <span class='ocrx_word' id='word_1_85' title='bbox 449 1142 535 1224; x_wconf 89' lang='lat' dir='ltr'><strong>equis</strong></span> <span class='ocrx_word' id='word_1_86' title='bbox 561 1155 592 1202; x_wconf 92' lang='lat' dir='ltr'><strong>et</strong></span> <span class='ocrx_word' id='word_1_87' title='bbox 621 1140 881 1220; x_wconf 87' lang='lat' dir='ltr'><strong>cataphractarum</strong></span> <span class='ocrx_word' id='word_1_88' title='bbox 915 1139 1058 1218; x_wconf 90' lang='lat' dir='ltr'><strong>pondere.</strong></span> <span class='ocrx_word' id='word_1_89' title='bbox 1105 1137 1139 1199; x_wconf 92' lang='lat' dir='ltr'><strong>ld</strong></span> 
     </span>
     <span class='ocr_line' id='line_1_12' title="bbox 138 1224 1141 1309; baseline -0.007 -18"><span class='ocrx_word' id='word_1_90' title='bbox 138 1226 328 1309; x_wconf 83' lang='lat' dir='ltr'><strong>Principibus</strong></span> <span class='ocrx_word' id='word_1_91' title='bbox 343 1241 374 1288; x_wconf 87' lang='lat' dir='ltr'><strong>et</strong></span> <span class='ocrx_word' id='word_1_92' title='bbox 396 1227 580 1288; x_wconf 85' lang='lat' dir='ltr'><strong>nobilissimo</strong></span> <span class='ocrx_word' id='word_1_93' title='bbox 595 1226 705 1309; x_wconf 87' lang='lat' dir='ltr'><strong>cuique</strong></span> <span class='ocrx_word' id='word_1_94' title='bbox 734 1241 867 1304; x_wconf 86' lang='lat' dir='ltr'><strong>tegmen,</strong></span> <span class='ocrx_word' id='word_1_95' title='bbox 895 1224 997 1286; x_wconf 88' lang='lat' dir='ltr'><strong>serreis</strong></span> <span class='ocrx_word' id='word_1_96' title='bbox 1024 1225 1141 1286; x_wconf 87' lang='lat' dir='ltr'><strong>laminis</strong></span> 
     </span>
     <span class='ocr_line' id='line_1_13' title="bbox 133 1309 1142 1395; baseline -0.004 -19"><span class='ocrx_word' id='word_1_97' title='bbox 133 1326 190 1376; x_wconf 86' lang='lat' dir='ltr'><strong>aut</strong></span> <span class='ocrx_word' id='word_1_98' title='bbox 202 1313 337 1395; x_wconf 82' lang='lat' dir='ltr'><strong>praeduro</strong></span> <span class='ocrx_word' id='word_1_99' title='bbox 348 1313 430 1374; x_wconf 90' lang='lat' dir='ltr'><strong>corio</strong></span> <span class='ocrx_word' id='word_1_100' title='bbox 444 1325 635 1386; x_wconf 82' lang='lat' dir='ltr'><strong>consertum3</strong></span> <span class='ocrx_word' id='word_1_101' title='bbox 660 1325 692 1372; x_wconf 95' lang='lat' dir='ltr'><strong>ut</strong></span> <span class='ocrx_word' id='word_1_102' title='bbox 708 1311 850 1372; x_wconf 80' lang='lat' dir='ltr'><strong>adversus</strong></span> <span class='ocrx_word' id='word_1_103' title='bbox 867 1309 942 1372; x_wconf 89' lang='lat' dir='ltr'><strong>ictus</strong></span> <span class='ocrx_word' id='word_1_104' title='bbox 959 1311 1142 1394; x_wconf 89' lang='lat' dir='ltr'><strong>impenetra-</strong></span> 
     </span>
     <span class='ocr_line' id='line_1_14' title="bbox 136 1397 1143 1480; baseline -0.006 -18"><span class='ocrx_word' id='word_1_105' title='bbox 136 1399 208 1475; x_wconf 87' lang='lat' dir='ltr'><strong>bile,</strong></span> <span class='ocrx_word' id='word_1_106' title='bbox 232 1399 272 1460; x_wconf 91' lang='lat' dir='ltr'><strong>ita</strong></span> <span class='ocrx_word' id='word_1_107' title='bbox 296 1398 410 1480; x_wconf 91' lang='lat' dir='ltr'><strong>impetu</strong></span> <span class='ocrx_word' id='word_1_108' title='bbox 429 1398 557 1460; x_wconf 90' lang='lat' dir='ltr'><strong>hostium</strong></span> <span class='ocrx_word' id='word_1_109' title='bbox 575 1397 739 1479; x_wconf 86' lang='lat' dir='ltr'><strong>provolutis</strong></span> <span class='ocrx_word' id='word_1_110' title='bbox 764 1397 894 1458; x_wconf 86' lang='lat' dir='ltr'><strong>inhabile</strong></span> <span class='ocrx_word' id='word_1_111' title='bbox 918 1397 954 1458; x_wconf 92' lang='lat' dir='ltr'><strong>ad</strong></span> <span class='ocrx_word' id='word_1_112' title='bbox 983 1417 1143 1476; x_wconf 81' lang='lat' dir='ltr'><strong>resurgen-</strong></span> 
     </span>
     <span class='ocr_line' id='line_1_15' title="bbox 135 1480 1143 1552; baseline -0.003 -5"><span class='ocrx_word' id='word_1_113' title='bbox 135 1485 229 1547; x_wconf 89' lang='lat' dir='ltr'><strong>dum:</strong></span> <span class='ocrx_word' id='word_1_114' title='bbox 253 1483 341 1546; x_wconf 89' lang='lat' dir='ltr'><strong>simul</strong></span> <span class='ocrx_word' id='word_1_115' title='bbox 357 1484 557 1552; x_wconf 88' lang='lat' dir='ltr'><strong>altitudineet</strong></span> <span class='ocrx_word' id='word_1_116' title='bbox 572 1481 699 1544; x_wconf 71' lang='lat' dir='ltr'><strong>mollitia</strong></span> <span class='ocrx_word' id='word_1_117' title='bbox 714 1483 789 1544; x_wconf 87' lang='lat' dir='ltr'><strong>uiris</strong></span> <span class='ocrx_word' id='word_1_118' title='bbox 807 1483 1029 1546; x_wconf 87' lang='lat' dir='ltr'><strong>hauriebantur.</strong></span> <span class='ocrx_word' id='word_1_119' title='bbox 1076 1480 1143 1544; x_wconf 91' lang='lat' dir='ltr'><strong>Ro·</strong></span> 
     </span>
     <span class='ocr_line' id='line_1_16' title="bbox 135 1567 1142 1650; baseline -0.006 -14"><span class='ocrx_word' id='word_1_120' title='bbox 135 1591 244 1636; x_wconf 84' lang='lat' dir='ltr'><strong>manus</strong></span> <span class='ocrx_word' id='word_1_121' title='bbox 261 1570 346 1632; x_wconf 91' lang='lat' dir='ltr'><strong>miles</strong></span> <span class='ocrx_word' id='word_1_122' title='bbox 359 1569 435 1632; x_wconf 88' lang='lat' dir='ltr'><strong>sacili</strong></span> <span class='ocrx_word' id='word_1_123' title='bbox 450 1567 543 1634; x_wconf 78' lang='lat' dir='ltr'><strong>loricis</strong></span> <span class='ocrx_word' id='word_1_124' title='bbox 554 1585 585 1630; x_wconf 91' lang='lat' dir='ltr'><strong>et</strong></span> <span class='ocrx_word' id='word_1_125' title='bbox 601 1569 701 1630; x_wconf 90' lang='lat' dir='ltr'><strong>missili</strong></span> <span class='ocrx_word' id='word_1_126' title='bbox 721 1568 780 1650; x_wconf 93' lang='lat' dir='ltr'><strong>pilo</strong></span> <span class='ocrx_word' id='word_1_127' title='bbox 795 1583 847 1630; x_wconf 91' lang='lat' dir='ltr'><strong>aut</strong></span> <span class='ocrx_word' id='word_1_128' title='bbox 859 1569 971 1630; x_wconf 83' lang='lat' dir='ltr'><strong>lanceis</strong></span> <span class='ocrx_word' id='word_1_129' title='bbox 983 1568 1142 1645; x_wconf 89' lang='lat' dir='ltr'><strong>assultans,</strong></span> 
     </span>
     <span class='ocr_line' id='line_1_17' title="bbox 138 1653 1143 1738; baseline -0.001 -21"><span class='ocrx_word' id='word_1_130' title='bbox 138 1657 188 1718; x_wconf 92' lang='lat' dir='ltr'><strong>ubi</strong></span> <span class='ocrx_word' id='word_1_131' title='bbox 216 1677 263 1717; x_wconf 89' lang='lat' dir='ltr'><strong>res</strong></span> <span class='ocrx_word' id='word_1_132' title='bbox 291 1669 442 1736; x_wconf 91' lang='lat' dir='ltr'><strong>posceret,</strong></span> <span class='ocrx_word' id='word_1_133' title='bbox 468 1655 528 1716; x_wconf 90' lang='lat' dir='ltr'><strong>levi</strong></span> <span class='ocrx_word' id='word_1_134' title='bbox 552 1654 652 1736; x_wconf 82' lang='lat' dir='ltr'><strong>gladio</strong></span> <span class='ocrx_word' id='word_1_135' title='bbox 675 1655 819 1716; x_wconf 86' lang='lat' dir='ltr'><strong>inermem</strong></span> <span class='ocrx_word' id='word_1_136' title='bbox 837 1653 1004 1716; x_wconf 86' lang='lat' dir='ltr'><strong>Sarmatam</strong></span> <span class='ocrx_word' id='word_1_137' title='bbox 1028 1653 1143 1738; x_wconf 88' lang='lat' dir='ltr'><strong>(neque</strong></span> 
     </span>
     <span class='ocr_line' id='line_1_18' title="bbox 137 1739 1142 1822; baseline -0.001 -19"><span class='ocrx_word' id='word_1_138' title='bbox 137 1741 218 1804; x_wconf 90' lang='lat' dir='ltr'><strong>enim</strong></span> <span class='ocrx_word' id='word_1_139' title='bbox 230 1739 352 1802; x_wconf 83' lang='lat' dir='ltr'><strong>delendi</strong></span> <span class='ocrx_word' id='word_1_140' title='bbox 365 1756 451 1803; x_wconf 89' lang='lat' dir='ltr'><strong>scuto</strong></span> <span class='ocrx_word' id='word_1_141' title='bbox 463 1761 527 1802; x_wconf 89' lang='lat' dir='ltr'><strong>mos</strong></span> <span class='ocrx_word' id='word_1_142' title='bbox 540 1739 600 1822; x_wconf 82' lang='lat' dir='ltr'><strong>est)</strong></span> <span class='ocrx_word' id='word_1_143' title='bbox 611 1740 747 1802; x_wconf 89' lang='lat' dir='ltr'><strong>cominus</strong></span> <span class='ocrx_word' id='word_1_144' title='bbox 758 1739 906 1802; x_wconf 77' lang='lat' dir='ltr'><strong>fodiebat:</strong></span> <span class='ocrx_word' id='word_1_145' title='bbox 931 1741 1029 1802; x_wconf 87' lang='lat' dir='ltr'><strong>donec</strong></span> <span class='ocrx_word' id='word_1_146' title='bbox 1043 1739 1142 1822; x_wconf 89' lang='lat' dir='ltr'><strong>pauci,</strong></span> 
     </span>
     <span class='ocr_line' id='line_1_19' title="bbox 139 1825 1143 1912; baseline -0.002 -24"><span class='ocrx_word' id='word_1_147' title='bbox 139 1828 189 1912; x_wconf 91' lang='lat' dir='ltr'><strong>qui</strong></span> <span class='ocrx_word' id='word_1_148' title='bbox 208 1827 308 1909; x_wconf 83' lang='lat' dir='ltr'><strong>praelio</strong></span> <span class='ocrx_word' id='word_1_149' title='bbox 330 1826 551 1910; x_wconf 82' lang='lat' dir='ltr'><strong>superfuerant,</strong></span> <span class='ocrx_word' id='word_1_150' title='bbox 577 1826 736 1908; x_wconf 89' lang='lat' dir='ltr'><strong>paludibus</strong></span> <span class='ocrx_word' id='word_1_151' title='bbox 758 1827 949 1888; x_wconf 87' lang='lat' dir='ltr'><strong>abderentur.</strong></span> <span class='ocrx_word' id='word_1_152' title='bbox 996 1825 1040 1887; x_wconf 92' lang='lat' dir='ltr'><strong>lbi</strong></span> <span class='ocrx_word' id='word_1_153' title='bbox 1057 1827 1143 1888; x_wconf 87' lang='lat' dir='ltr'><strong>saevi·</strong></span> 
     </span>
     <span class='ocr_line' id='line_1_20' title="bbox 133 1912 1142 1998; baseline -0.002 -21"><span class='ocrx_word' id='word_1_154' title='bbox 133 1913 181 1977; x_wconf 72' lang='lat' dir='ltr'><strong>ria</strong></span> <span class='ocrx_word' id='word_1_155' title='bbox 196 1913 315 1996; x_wconf 87' lang='lat' dir='ltr'><strong>hyemis</strong></span> <span class='ocrx_word' id='word_1_156' title='bbox 337 1927 368 1975; x_wconf 87' lang='lat' dir='ltr'><strong>et</strong></span> <span class='ocrx_word' id='word_1_157' title='bbox 392 1915 419 1976; x_wconf 91' lang='lat' dir='ltr'><strong>vi</strong></span> <span class='ocrx_word' id='word_1_158' title='bbox 444 1912 601 1974; x_wconf 87' lang='lat' dir='ltr'><strong>vulnerum</strong></span> <span class='ocrx_word' id='word_1_159' title='bbox 618 1913 756 1974; x_wconf 89' lang='lat' dir='ltr'><strong>absumti.</strong></span> <span class='ocrx_word' id='word_1_160' title='bbox 805 1912 970 1998; x_wconf 88' lang='lat' dir='ltr'><strong>Postquam</strong></span> <span class='ocrx_word' id='word_1_161' title='bbox 987 1913 1015 1974; x_wconf 93' lang='lat' dir='ltr'><strong>id</strong></span> <span class='ocrx_word' id='word_1_162' title='bbox 1033 1912 1142 1975; x_wconf 81' lang='lat' dir='ltr'><strong>Routae</strong></span> 
     </span>
     <span class='ocr_line' id='line_1_21' title="bbox 135 1997 1141 2082; baseline -0.002 -19"><span class='ocrx_word' id='word_1_163' title='bbox 135 2014 338 2082; x_wconf 86' lang='lat' dir='ltr'><strong>compertum,</strong></span> <span class='ocrx_word' id='word_1_164' title='bbox 366 1997 586 2082; x_wconf 76' lang='lat' dir='ltr'><strong>M.‘Aponius,</strong></span> <span class='ocrx_word' id='word_1_165' title='bbox 613 1997 756 2062; x_wconf 85' lang='lat' dir='ltr'><strong>Moesiam</strong></span> <span class='ocrx_word' id='word_1_166' title='bbox 786 1999 935 2076; x_wconf 90' lang='lat' dir='ltr'><strong>obtinens,</strong></span> <span class='ocrx_word' id='word_1_167' title='bbox 967 1999 1141 2082; x_wconf 87' lang='lat' dir='ltr'><strong>triumphali</strong></span> 
     </span>
     <span class='ocr_line' id='line_1_22' title="bbox 135 2083 1143 2162; baseline -0.002 -13"><span class='ocrx_word' id='word_1_168' title='bbox 135 2084 248 2162; x_wconf 68' lang='lat' dir='ltr'><strong>statui,</strong></span> <span class='ocrx_word' id='word_1_169' title='bbox 275 2083 402 2148; x_wconf 79' lang='lat' dir='ltr'><strong>Fulvius</strong></span> <span class='ocrx_word' id='word_1_170' title='bbox 419 2084 560 2148; x_wconf 86' lang='lat' dir='ltr'><strong>Aurelius</strong></span> <span class='ocrx_word' id='word_1_171' title='bbox 585 2100 617 2148; x_wconf 88' lang='lat' dir='ltr'><strong>et</strong></span> <span class='ocrx_word' id='word_1_172' title='bbox 643 2084 781 2147; x_wconf 89' lang='lat' dir='ltr'><strong>Julianus</strong></span> <span class='ocrx_word' id='word_1_173' title='bbox 804 2084 905 2148; x_wconf 88' lang='lat' dir='ltr'><strong>Titius</strong></span> <span class='ocrx_word' id='word_1_174' title='bbox 927 2107 963 2148; x_wconf 86' lang='lat' dir='ltr'><strong>ac</strong></span> <span class='ocrx_word' id='word_1_175' title='bbox 986 2084 1143 2148; x_wconf 87' lang='lat' dir='ltr'><strong>Numisius</strong></span> 
     </span>
     <span class='ocr_line' id='line_1_23' title="bbox 138 2169 1142 2254; baseline -0.001 -19"><span class='ocrx_word' id='word_1_176' title='bbox 138 2171 258 2254; x_wconf 87' lang='lat' dir='ltr'><strong>Lupus,</strong></span> <span class='ocrx_word' id='word_1_177' title='bbox 284 2169 393 2252; x_wconf 82' lang='lat' dir='ltr'><strong>Legati</strong></span> <span class='ocrx_word' id='word_1_178' title='bbox 409 2171 572 2252; x_wconf 85' lang='lat' dir='ltr'><strong>legionum,</strong></span> <span class='ocrx_word' id='word_1_179' title='bbox 596 2169 813 2234; x_wconf 87' lang='lat' dir='ltr'><strong>Consularibus</strong></span> <span class='ocrx_word' id='word_1_180' title='bbox 828 2173 1011 2235; x_wconf 85' lang='lat' dir='ltr'><strong>ornamentis</strong></span> <span class='ocrx_word' id='word_1_181' title='bbox 1027 2171 1142 2234; x_wconf 86' lang='lat' dir='ltr'><strong>donan-</strong></span> 
     </span>
     <span class='ocr_line' id='line_1_24' title="bbox 136 2255 1143 2342; baseline 0.001 -22"><span class='ocrx_word' id='word_1_182' title='bbox 136 2272 203 2320; x_wconf 87' lang='lat' dir='ltr'><strong>tur:</strong></span> <span class='ocrx_word' id='word_1_183' title='bbox 228 2257 295 2319; x_wconf 83' lang='lat' dir='ltr'><strong>laeto</strong></span> <span class='ocrx_word' id='word_1_184' title='bbox 311 2255 435 2319; x_wconf 89' lang='lat' dir='ltr'><strong>Othone</strong></span> <span class='ocrx_word' id='word_1_185' title='bbox 456 2271 487 2320; x_wconf 91' lang='lat' dir='ltr'><strong>et</strong></span> <span class='ocrx_word' id='word_1_186' title='bbox 510 2257 634 2340; x_wconf 86' lang='lat' dir='ltr'><strong>gloriam</strong></span> <span class='ocrx_word' id='word_1_187' title='bbox 658 2257 686 2319; x_wconf 93' lang='lat' dir='ltr'><strong>in</strong></span> <span class='ocrx_word' id='word_1_188' title='bbox 712 2279 744 2320; x_wconf 93' lang='lat' dir='ltr'><strong>se</strong></span> <span class='ocrx_word' id='word_1_189' title='bbox 767 2259 916 2334; x_wconf 86' lang='lat' dir='ltr'><strong>trahente,</strong></span> <span class='ocrx_word' id='word_1_190' title='bbox 933 2267 1094 2342; x_wconf 88' lang='lat' dir='ltr'><strong>‘tanquam</strong></span> <span class='ocrx_word' id='word_1_191' title='bbox 1110 2272 1143 2321; x_wconf 90' lang='lat' dir='ltr'><strong>et</strong></span> 
     </span>
     <span class='ocr_line' id='line_1_25' title="bbox 138 2340 1142 2428; baseline 0 -22"><span class='ocrx_word' id='word_1_192' title='bbox 138 2345 204 2428; x_wconf 87' lang='lat' dir='ltr'><strong>ipse</strong></span> <span class='ocrx_word' id='word_1_193' title='bbox 220 2340 292 2404; x_wconf 83' lang='lat' dir='ltr'><strong>selix</strong></span> <span class='ocrx_word' id='word_1_194' title='bbox 308 2341 398 2418; x_wconf 90' lang='lat' dir='ltr'><strong>bello,</strong></span> <span class='ocrx_word' id='word_1_195' title='bbox 414 2356 445 2405; x_wconf 86' lang='lat' dir='ltr'><strong>et</strong></span> <span class='ocrx_word' id='word_1_196' title='bbox 459 2343 520 2406; x_wconf 91' lang='lat' dir='ltr'><strong>suis</strong></span> <span class='ocrx_word' id='word_1_197' title='bbox 536 2341 674 2406; x_wconf 78' lang='lat' dir='ltr'><strong>Ducibus</strong></span> <span class='ocrx_word' id='word_1_198' title='bbox 689 2345 810 2428; x_wconf 87' lang='lat' dir='ltr'><strong>suisque</strong></span> <span class='ocrx_word' id='word_1_199' title='bbox 837 2345 1019 2409; x_wconf 84' lang='lat' dir='ltr'><strong>exercitibus</strong></span> <span class='ocrx_word' id='word_1_200' title='bbox 1044 2342 1142 2406; x_wconf 88' lang='lat' dir='ltr'><strong>Rem-</strong></span> 
     </span>
     <span class='ocr_line' id='line_1_26' title="bbox 139 2427 953 2514; baseline -0.001 -23"><span class='ocrx_word' id='word_1_201' title='bbox 139 2428 290 2514; x_wconf 90' lang='lat' dir='ltr'><strong>publicam</strong></span> <span class='ocrx_word' id='word_1_202' title='bbox 307 2427 462 2490; x_wconf 68' lang='lat' dir='ltr'><strong>auxisset!</strong></span> <span class='ocrx_word' id='word_1_203' title='bbox 947 2446 953 2454; x_wconf 87' lang='lat'>·</span> 
     </span>
    </p>

    <p class='ocr_par' dir='ltr' id='par_1_3' title="bbox 135 2512 1142 3790">
     <span class='ocr_line' id='line_1_27' title="bbox 181 2512 1141 2592; baseline 0.003 -16"><span class='ocrx_word' id='word_1_204' title='bbox 181 2512 326 2576; x_wconf 90' lang='lat' dir='ltr'>LXXX.</span> <span class='ocrx_word' id='word_1_205' title='bbox 351 2513 451 2576; x_wconf 87' lang='lat' dir='ltr'><strong>Parvo</strong></span> <span class='ocrx_word' id='word_1_206' title='bbox 463 2514 579 2577; x_wconf 87' lang='lat' dir='ltr'><strong>interim</strong></span> <span class='ocrx_word' id='word_1_207' title='bbox 596 2514 690 2591; x_wconf 90' lang='lat' dir='ltr'><strong>initio,</strong></span> <span class='ocrx_word' id='word_1_208' title='bbox 706 2514 786 2578; x_wconf 90' lang='lat' dir='ltr'><strong>uode</strong></span> <span class='ocrx_word' id='word_1_209' title='bbox 799 2516 872 2578; x_wconf 90' lang='lat' dir='ltr'><strong>nihil</strong></span> <span class='ocrx_word' id='word_1_210' title='bbox 888 2515 1059 2592; x_wconf 89' lang='lat' dir='ltr'><strong>timebatur,</strong></span> <span class='ocrx_word' id='word_1_211' title='bbox 1075 2529 1141 2580; x_wconf 91' lang='lat' dir='ltr'><strong>orta</strong></span> 
     </span>
     <span class='ocr_line' id='line_1_28' title="bbox 135 2599 1140 2683; baseline 0.003 -20"><span class='ocrx_word' id='word_1_212' title='bbox 135 2600 245 2664; x_wconf 89' lang='lat' dir='ltr'><strong>seditio</strong></span> <span class='ocrx_word' id='word_1_213' title='bbox 258 2599 352 2683; x_wconf 74' lang='lat' dir='ltr'><strong>proph</strong></span> <span class='ocrx_word' id='word_1_214' title='bbox 369 2600 433 2662; x_wconf 91' lang='lat' dir='ltr'><strong>urbi</strong></span> <span class='ocrx_word' id='word_1_215' title='bbox 449 2600 569 2663; x_wconf 86' lang='lat' dir='ltr'><strong>excidio</strong></span> <span class='ocrx_word' id='word_1_216' title='bbox 582 2599 647 2662; x_wconf 87' lang='lat' dir='ltr'><strong>suit.</strong></span> <span class='ocrx_word' id='word_1_217' title='bbox 688 2601 855 2683; x_wconf 75' lang='lat' dir='ltr'><strong>Septimum</strong></span> <span class='ocrx_word' id='word_1_218' title='bbox 870 2602 1018 2665; x_wconf 89' lang='lat' dir='ltr'><strong>decimam</strong></span> <span class='ocrx_word' id='word_1_219' title='bbox 1031 2605 1140 2666; x_wconf 90' lang='lat' dir='ltr'><strong>cohor·</strong></span> 
     </span>
     <span class='ocr_line' id='line_1_29' title="bbox 137 2683 1142 2774; baseline 0.003 -25"><span class='ocrx_word' id='word_1_220' title='bbox 137 2701 200 2750; x_wconf 87' lang='lat' dir='ltr'><strong>tem</strong></span> <span class='ocrx_word' id='word_1_221' title='bbox 217 2707 233 2748; x_wconf 91' lang='lat' dir='ltr'><strong>e</strong></span> <span class='ocrx_word' id='word_1_222' title='bbox 249 2683 369 2748; x_wconf 73' lang='lat' dir='ltr'><strong>coloniis</strong></span> <span class='ocrx_word' id='word_1_223' title='bbox 384 2684 515 2748; x_wconf 89' lang='lat' dir='ltr'><strong>Ostiensi</strong></span> <span class='ocrx_word' id='word_1_224' title='bbox 540 2687 568 2748; x_wconf 93' lang='lat' dir='ltr'><strong>in</strong></span> <span class='ocrx_word' id='word_1_225' title='bbox 596 2686 700 2748; x_wconf 87' lang='lat' dir='ltr'><strong>urbem</strong></span> <span class='ocrx_word' id='word_1_226' title='bbox 722 2688 810 2750; x_wconf 88' lang='lat' dir='ltr'><strong>acciri</strong></span> <span class='ocrx_word' id='word_1_227' title='bbox 827 2687 912 2751; x_wconf 92' lang='lat' dir='ltr'><strong>Otho</strong></span> <span class='ocrx_word' id='word_1_228' title='bbox 922 2688 1072 2774; x_wconf 85' lang='lat' dir='ltr'><strong>jusserat:</strong></span> <span class='ocrx_word' id='word_1_229' title='bbox 1096 2711 1142 2752; x_wconf 89' lang='lat' dir='ltr'><strong>ar·</strong></span> 
     </span>
     <span class='ocr_line' id='line_1_30' title="bbox 138 2770 1142 2856; baseline 0.002 -20"><span class='ocrx_word' id='word_1_230' title='bbox 138 2771 255 2836; x_wconf 86' lang='lat' dir='ltr'><strong>maudae</strong></span> <span class='ocrx_word' id='word_1_231' title='bbox 279 2771 344 2856; x_wconf 89' lang='lat' dir='ltr'><strong>ejus</strong></span> <span class='ocrx_word' id='word_1_232' title='bbox 366 2793 438 2834; x_wconf 87' lang='lat' dir='ltr'><strong>cura</strong></span> <span class='ocrx_word' id='word_1_233' title='bbox 455 2770 548 2836; x_wconf 86' lang='lat' dir='ltr'><strong>Vario</strong></span> <span class='ocrx_word' id='word_1_234' title='bbox 570 2771 723 2856; x_wconf 90' lang='lat' dir='ltr'><strong>Crispino,</strong></span> <span class='ocrx_word' id='word_1_235' title='bbox 739 2772 877 2837; x_wconf 90' lang='lat' dir='ltr'><strong>Tribuno</strong></span> <span class='ocrx_word' id='word_1_236' title='bbox 900 2796 917 2836; x_wconf 94' lang='lat' dir='ltr'><strong>e</strong></span> <span class='ocrx_word' id='word_1_237' title='bbox 941 2774 1142 2854; x_wconf 87' lang='lat' dir='ltr'><strong>Praetorianis,</strong></span> 
     </span>
     <span class='ocr_line' id='line_1_31' title="bbox 138 2855 1140 2946; baseline 0.004 -26"><span class='ocrx_word' id='word_1_238' title='bbox 138 2857 217 2921; x_wconf 85' lang='lat' dir='ltr'><strong>data.</strong></span> <span class='ocrx_word' id='word_1_239' title='bbox 264 2855 304 2931; x_wconf 88' lang='lat' dir='ltr'><strong>ls,</strong></span> <span class='ocrx_word' id='word_1_240' title='bbox 321 2857 381 2941; x_wconf 85' lang='lat' dir='ltr'><strong>qub</strong></span> <span class='ocrx_word' id='word_1_241' title='bbox 397 2855 491 2940; x_wconf 85' lang='lat' dir='ltr'><strong>magis</strong></span> <span class='ocrx_word' id='word_1_242' title='bbox 508 2879 631 2932; x_wconf 89' lang='lat' dir='ltr'><strong>vacuus,</strong></span> <span class='ocrx_word' id='word_1_243' title='bbox 648 2859 755 2944; x_wconf 89' lang='lat' dir='ltr'><strong>quietis</strong></span> <span class='ocrx_word' id='word_1_244' title='bbox 770 2861 884 2938; x_wconf 87' lang='lat' dir='ltr'><strong>castris,</strong></span> <span class='ocrx_word' id='word_1_245' title='bbox 906 2859 987 2945; x_wconf 89' lang='lat' dir='ltr'><strong>jussa</strong></span> <span class='ocrx_word' id='word_1_246' title='bbox 1004 2883 1140 2946; x_wconf 79' lang='lat' dir='ltr'><strong>exeque-</strong></span> 
     </span>
     <span class='ocr_line' id='line_1_32' title="bbox 138 2944 1142 3031; baseline 0.004 -24"><span class='ocrx_word' id='word_1_247' title='bbox 138 2959 229 3020; x_wconf 86' lang='lat' dir='ltr'><strong>retur,</strong></span> <span class='ocrx_word' id='word_1_248' title='bbox 253 2944 392 3006; x_wconf 87' lang='lat' dir='ltr'><strong>vehicula</strong></span> <span class='ocrx_word' id='word_1_249' title='bbox 407 2944 549 3019; x_wconf 90' lang='lat' dir='ltr'><strong>cohortis,</strong></span> <span class='ocrx_word' id='word_1_250' title='bbox 577 2945 740 3028; x_wconf 87' lang='lat' dir='ltr'><strong>incipiente</strong></span> <span class='ocrx_word' id='word_1_251' title='bbox 756 2963 855 3024; x_wconf 90' lang='lat' dir='ltr'><strong>nocte,</strong></span> <span class='ocrx_word' id='word_1_252' title='bbox 881 2949 1008 3024; x_wconf 87' lang='lat' dir='ltr'><strong>onerari,</strong></span> <span class='ocrx_word' id='word_1_253' title='bbox 1036 2961 1142 3031; x_wconf 85' lang='lat' dir='ltr'><strong>aperto</strong></span> 
     </span>
     <span class='ocr_line' id='line_1_33' title="bbox 137 3029 1139 3116; baseline 0.004 -24"><span class='ocrx_word' id='word_1_254' title='bbox 137 3031 378 3106; x_wconf 87' lang='lat' dir='ltr'><strong>armamentario,</strong></span> <span class='ocrx_word' id='word_1_255' title='bbox 389 3029 489 3115; x_wconf 85' lang='lat' dir='ltr'><strong>jubet.</strong></span> <span class='ocrx_word' id='word_1_256' title='bbox 533 3029 674 3113; x_wconf 84' lang='lat' dir='ltr'><strong>Tempus</strong></span> <span class='ocrx_word' id='word_1_257' title='bbox 700 3032 729 3093; x_wconf 90' lang='lat' dir='ltr'><strong>in</strong></span> <span class='ocrx_word' id='word_1_258' title='bbox 752 3034 973 3116; x_wconf 86' lang='lat' dir='ltr'><strong>suspicionem3</strong></span> <span class='ocrx_word' id='word_1_259' title='bbox 997 3056 1087 3096; x_wconf 89' lang='lat' dir='ltr'><strong>causa</strong></span> <span class='ocrx_word' id='word_1_260' title='bbox 1111 3035 1139 3096; x_wconf 91' lang='lat' dir='ltr'><strong>io</strong></span> 
     </span>
     <span class='ocr_line' id='line_1_34' title="bbox 138 3115 1141 3200; baseline 0.004 -22"><span class='ocrx_word' id='word_1_261' title='bbox 138 3116 272 3192; x_wconf 85' lang='lat' dir='ltr'><strong>crimen3</strong></span> <span class='ocrx_word' id='word_1_262' title='bbox 293 3115 447 3178; x_wconf 84' lang='lat' dir='ltr'><strong>affectatio</strong></span> <span class='ocrx_word' id='word_1_263' title='bbox 463 3116 570 3200; x_wconf 90' lang='lat' dir='ltr'><strong>quietis</strong></span> <span class='ocrx_word' id='word_1_264' title='bbox 587 3117 615 3178; x_wconf 93' lang='lat' dir='ltr'><strong>io</strong></span> <span class='ocrx_word' id='word_1_265' title='bbox 633 3117 793 3180; x_wconf 90' lang='lat' dir='ltr'><strong>tumultum</strong></span> <span class='ocrx_word' id='word_1_266' title='bbox 810 3120 940 3182; x_wconf 77' lang='lat' dir='ltr'><strong>evaluitt</strong></span> <span class='ocrx_word' id='word_1_267' title='bbox 965 3137 995 3182; x_wconf 89' lang='lat' dir='ltr'><strong>et</strong></span> <span class='ocrx_word' id='word_1_268' title='bbox 1019 3121 1080 3182; x_wconf 89' lang='lat' dir='ltr'><strong>visa</strong></span> <span class='ocrx_word' id='word_1_269' title='bbox 1097 3121 1141 3182; x_wconf 92' lang='lat' dir='ltr'><strong>in·</strong></span> 
     </span>
     <span class='ocr_line' id='line_1_35' title="bbox 139 3201 1140 3286; baseline 0.005 -22"><span class='ocrx_word' id='word_1_270' title='bbox 139 3215 185 3264; x_wconf 87' lang='lat' dir='ltr'><strong>ter</strong></span> <span class='ocrx_word' id='word_1_271' title='bbox 200 3201 382 3264; x_wconf 88' lang='lat' dir='ltr'><strong>temulentos</strong></span> <span class='ocrx_word' id='word_1_272' title='bbox 394 3223 475 3265; x_wconf 88' lang='lat' dir='ltr'><strong>arma</strong></span> <span class='ocrx_word' id='word_1_273' title='bbox 487 3203 659 3286; x_wconf 90' lang='lat' dir='ltr'><strong>cupidinem</strong></span> <span class='ocrx_word' id='word_1_274' title='bbox 672 3205 716 3266; x_wconf 88' lang='lat' dir='ltr'><strong>sui</strong></span> <span class='ocrx_word' id='word_1_275' title='bbox 734 3205 867 3268; x_wconf 69' lang='lat' dir='ltr'><strong>movere.</strong></span> <span class='ocrx_word' id='word_1_276' title='bbox 914 3204 1030 3268; x_wconf 85' lang='lat' dir='ltr'><strong>Fremit</strong></span> <span class='ocrx_word' id='word_1_277' title='bbox 1043 3207 1140 3285; x_wconf 91' lang='lat' dir='ltr'><strong>miles,</strong></span> 
     </span>
     <span class='ocr_line' id='line_1_36' title="bbox 139 3286 1141 3376; baseline 0.005 -26"><span class='ocrx_word' id='word_1_278' title='bbox 139 3301 170 3350; x_wconf 90' lang='lat' dir='ltr'><strong>et</strong></span> <span class='ocrx_word' id='word_1_279' title='bbox 184 3286 337 3350; x_wconf 88' lang='lat' dir='ltr'><strong>Tribunos</strong></span> <span class='ocrx_word' id='word_1_280' title='bbox 353 3287 616 3374; x_wconf 89' lang='lat' dir='ltr'><strong>Centurionesque</strong></span> <span class='ocrx_word' id='word_1_281' title='bbox 634 3291 839 3374; x_wconf 77' lang='lat' dir='ltr'><strong>‘proditionis’</strong></span> <span class='ocrx_word' id='word_1_282' title='bbox 856 3293 962 3374; x_wconf 83' lang='lat' dir='ltr'><strong>arguit,</strong></span> <span class='ocrx_word' id='word_1_283' title='bbox 978 3301 1141 3376; x_wconf 85' lang='lat' dir='ltr'><strong>‘tanquam</strong></span> 
     </span>
     <span class='ocr_line' id='line_1_37' title="bbox 139 3371 1140 3462; baseline 0.007 -27"><span class='ocrx_word' id='word_1_284' title='bbox 139 3371 257 3436; x_wconf 84' lang='lat' dir='ltr'><strong>familias</strong></span> <span class='ocrx_word' id='word_1_285' title='bbox 271 3373 450 3438; x_wconf 88' lang='lat' dir='ltr'><strong>Senatorum</strong></span> <span class='ocrx_word' id='word_1_286' title='bbox 464 3375 502 3438; x_wconf 88' lang='lat' dir='ltr'><strong>ad</strong></span> <span class='ocrx_word' id='word_1_287' title='bbox 520 3377 682 3459; x_wconf 89' lang='lat' dir='ltr'><strong>perniciem</strong></span> <span class='ocrx_word' id='word_1_288' title='bbox 695 3377 825 3441; x_wconf 91' lang='lat' dir='ltr'><strong>Othonis</strong></span> <span class='ocrx_word' id='word_1_289' title='bbox 841 3394 1025 3442; x_wconf 89' lang='lat' dir='ltr'><strong>armarentur</strong></span> <span class='ocrx_word' id='word_1_290' title='bbox 1036 3379 1054 3442; x_wconf 91' lang='lat'><strong>:’</strong></span> <span class='ocrx_word' id='word_1_291' title='bbox 1074 3401 1140 3462; x_wconf 87' lang='lat' dir='ltr'><strong>pars</strong></span> 
     </span>
     <span class='ocr_line' id='line_1_38' title="bbox 139 3459 1139 3550; baseline 0.009 -30"><span class='ocrx_word' id='word_1_292' title='bbox 139 3459 232 3540; x_wconf 86' lang='lat' dir='ltr'><strong>ignari</strong></span> <span class='ocrx_word' id='word_1_293' title='bbox 256 3473 287 3522; x_wconf 88' lang='lat' dir='ltr'><strong>et</strong></span> <span class='ocrx_word' id='word_1_294' title='bbox 310 3461 379 3523; x_wconf 89' lang='lat' dir='ltr'><strong>vino</strong></span> <span class='ocrx_word' id='word_1_295' title='bbox 403 3483 527 3543; x_wconf 84' lang='lat' dir='ltr'><strong>graves:</strong></span> <span class='ocrx_word' id='word_1_296' title='bbox 560 3464 707 3545; x_wconf 88' lang='lat' dir='ltr'><strong>pessimus</strong></span> <span class='ocrx_word' id='word_1_297' title='bbox 735 3467 859 3550; x_wconf 90' lang='lat' dir='ltr'><strong>quisque</strong></span> <span class='ocrx_word' id='word_1_298' title='bbox 890 3467 919 3528; x_wconf 91' lang='lat' dir='ltr'><strong>in</strong></span> <span class='ocrx_word' id='word_1_299' title='bbox 950 3465 1139 3529; x_wconf 86' lang='lat' dir='ltr'><strong>occasionem</strong></span> 
     </span>
     <span class='ocr_line' id='line_1_39' title="bbox 140 3546 1141 3636; baseline 0.011 -29"><span class='ocrx_word' id='word_1_300' title='bbox 140 3546 324 3628; x_wconf 82' lang='lat' dir='ltr'><strong>praedarum:</strong></span> <span class='ocrx_word' id='word_1_301' title='bbox 351 3548 467 3630; x_wconf 82' lang='lat' dir='ltr'><strong>vulgus,</strong></span> <span class='ocrx_word' id='word_1_302' title='bbox 491 3565 525 3612; x_wconf 92' lang='lat' dir='ltr'><strong>ut</strong></span> <span class='ocrx_word' id='word_1_303' title='bbox 548 3571 612 3612; x_wconf 87' lang='lat' dir='ltr'><strong>uros</strong></span> <span class='ocrx_word' id='word_1_304' title='bbox 636 3565 692 3628; x_wconf 90' lang='lat' dir='ltr'><strong>est,</strong></span> <span class='ocrx_word' id='word_1_305' title='bbox 718 3552 935 3636; x_wconf 90' lang='lat' dir='ltr'><strong>cujuscumque</strong></span> <span class='ocrx_word' id='word_1_306' title='bbox 959 3551 1055 3616; x_wconf 84' lang='lat' dir='ltr'><strong>motits</strong></span> <span class='ocrx_word' id='word_1_307' title='bbox 1072 3553 1141 3618; x_wconf 88' lang='lat' dir='ltr'><strong>nori</strong></span> 
     </span>
     <span class='ocr_line' id='line_1_40' title="bbox 138 3631 1141 3719; baseline 0.01 -27"><span class='ocrx_word' id='word_1_308' title='bbox 138 3631 302 3713; x_wconf 90' lang='lat' dir='ltr'><strong>cupidum;</strong></span> <span class='ocrx_word' id='word_1_309' title='bbox 332 3648 362 3696; x_wconf 89' lang='lat' dir='ltr'><strong>et</strong></span> <span class='ocrx_word' id='word_1_310' title='bbox 381 3635 525 3719; x_wconf 89' lang='lat' dir='ltr'><strong>obsequia</strong></span> <span class='ocrx_word' id='word_1_311' title='bbox 549 3636 705 3701; x_wconf 90' lang='lat' dir='ltr'><strong>meliorum</strong></span> <span class='ocrx_word' id='word_1_312' title='bbox 729 3660 791 3701; x_wconf 85' lang='lat' dir='ltr'><strong>uox</strong></span> <span class='ocrx_word' id='word_1_313' title='bbox 816 3640 989 3702; x_wconf 87' lang='lat' dir='ltr'><strong>abstulerat.</strong></span> <span class='ocrx_word' id='word_1_314' title='bbox 1036 3637 1141 3702; x_wconf 87' lang='lat' dir='ltr'><strong>Resis-</strong></span> 
     </span>
     <span class='ocr_line' id='line_1_41' title="bbox 136 3719 1136 3790; baseline 0.008 -10"><span class='ocrx_word' id='word_1_315' title='bbox 136 3731 252 3782; x_wconf 88' lang='lat' dir='ltr'><strong>teutem</strong></span> <span class='ocrx_word' id='word_1_316' title='bbox 274 3719 412 3784; x_wconf 85' lang='lat' dir='ltr'><strong>seditioni</strong></span> <span class='ocrx_word' id='word_1_317' title='bbox 434 3719 604 3788; x_wconf 82' lang='lat' dir='ltr'><strong>Tribunum</strong></span> <span class='ocrx_word' id='word_1_318' title='bbox 628 3740 659 3788; x_wconf 92' lang='lat' dir='ltr'><strong>et</strong></span> <span class='ocrx_word' id='word_1_319' title='bbox 684 3725 888 3790; x_wconf 89' lang='lat' dir='ltr'><strong>severissimos</strong></span> <span class='ocrx_word' id='word_1_320' title='bbox 914 3723 1136 3790; x_wconf 86' lang='lat' dir='ltr'><strong>Centuriouum</strong></span> 
     </span>
    </p>
   </div>
   <div class='ocr_carea' id='block_1_3' title="bbox 0 0 1289 4258">
    <p class='ocr_par' dir='ltr' id='par_1_4' title="bbox 0 0 1289 4258">
     <span class='ocr_line' id='line_1_42' title="bbox 0 0 1289 4258; baseline 0 0"><span class='ocrx_word' id='word_1_321' title='bbox 0 0 1289 4258; x_wconf 95' lang='lat' dir='ltr'><strong> </strong></span> 
     </span>
    </p>
   </div>
  </div>
 </body>
</html>
