2508 4254
128 194 189 261 130
462 188 503 255 C.
527 189 634 256 Gonu.
657 187 782 256 Tncrrr
917 189 973 274 [A.
989 188 1032 254 U.
1049 189 1132 256 822.

124 377 230 420 omnes
251 354 406 420 contrariis
433 355 616 432 vulneribus,
647 355 724 418 versi
754 355 783 418 in
805 355 935 418 hostem.
982 355 1031 419 Ea
1052 375 1129 421 cura

125 444 215 508 etiam
233 443 427 506 morientibus
442 442 543 518 decori
559 441 658 506 exitiis
674 441 739 504 luit.

169 527 340 592 LXXXV.
363 527 515 606 Vitellius,
538 527 629 614 capti
659 530 743 605 urbe,
771 549 825 613 per
853 549 991 592 aversam
1022 529 1127 613 palatii

125 631 254 700 partem,
269 616 466 692 Aventinum,
482 616 511 678 in
522 615 645 678 domum
661 616 773 692 uxoris,
785 614 894 678 sellula
904 615 1056 679 defertur:
1080 629 1125 694 ut,

126 703 150 766 si
166 703 245 766 diem
262 701 379 766 latebrb
394 703 558 779 vitavisset,
573 699 770 766 Tarracinam
782 703 820 764 ad
836 703 977 766 cobortes
989 702 1128 766 fratrem·

127 811 185 874 quc
210 789 390 872 perfugeret.
437 788 519 851 Dein
542 788 707 852 mobilitate
731 789 853 870 ingenii,
877 803 908 852 et
932 811 999 873 que
1020 803 1126 852 natura

125 878 244 961 pavoris
259 890 316 953 est,
326 875 397 940 cirm
412 876 513 940 omnia
529 877 674 938 metuenti
689 877 847 959 prasentia
869 876 1003 938 maximis
1024 876 1126 960 displi-

125 977 240 1039 cerent,
256 963 285 1024 iu
299 963 440 1046 palatium
456 962 632 1043 regreditur,
644 975 761 1024 vastum
773 962 1004 1046 desertumque:
1024 963 1127 1046 dilap-

126 1048 1126 1134 sisetiaminfimisservitiorum‚autoccursatmejusdeclinantibus.

126 1135 237 1198 Terret
252 1135 381 1198 solitudo
396 1150 427 1198 et
443 1150 579 1198 tacentes
593 1135 669 1198 loci:
695 1149 790 1198 tentat
804 1136 924 1198 clausa:
948 1136 1128 1200 inhorrescit

127 1223 228 1284 vacuis
242 1243 250 1297 ;
273 1220 367 1284 lessus
390 1243 428 1284 ue
444 1223 553 1284 misero
569 1243 679 1297 errore,
696 1237 726 1285 et
741 1221 885 1305 pudendis
899 1221 1014 1285 latebris
1029 1235 1128 1286 semet

127 1308 295 1384 occultans,
311 1307 348 1370 ab
370 1243 453 1370 iulio
469 1307 606 1385 Placido,
622 1307 760 1371 Tribuno
773 1309 917 1386 cohortis,
934 1310 1126 1392 protrahitur.

119 1393 245 1458 „Vinctae
262 1415 342 1478 pone
357 1408 473 1476 tergum
488 1415 612 1458 manns:
637 1394 749 1458 laniata
764 1409 858 1473 veste,
874 1394 989 1458 soedum
1006 1410 1128 1480 specta-

128 1481 242 1558 culum,
258 1481 432 1558 ducebatur,
445 1481 545 1544 multis
557 1482 790 1564 increpantibus,
800 1483 884 1545 nullo
897 1483 1125 1566 illacrymante:

129 1568 301 1631 deformitas
313 1567 412 1630 exitiis
424 1569 655 1632 misericordiam
667 1568 841 1632 abstulerat.
886 1568 1003 1632 Obvius
1015 1591 1033 1631 e
1050 1569 1128 1632 Ger·

128 1657 254 1718 manicis
271 1655 410 1718 militibus
427 1652 583 1718 Vitellium
604 1652 712 1718 infesto
732 1655 802 1730 ictu,
819 1676 874 1739 per
895 1656 990 1733 iram,
1002 1656 1049 1718 vel
1067 1655 1128 1740 qud

128 1742 272 1806 maturiris
299 1742 430 1806 ludibriis
459 1742 619 1818 eximeret,
645 1761 682 1804 an
709 1739 878 1804 Tribunum
903 1743 1074 1826 appetierit,
1098 1743 1127 1805 in

129 1829 244 1892 incerto
260 1828 334 1890 luit:
358 1847 461 1904 aurem
477 1827 604 1892 Tribuni
627 1829 792 1911 amputavit
807 1850 843 1892 ac
858 1830 955 1892 statim
972 1828 1128 1894 confossus

130 1930 187 1978 est.
232 1911 399 1991 Vitellium,
411 1913 523 1978 infestis
539 1915 730 1978 mucronibus
744 1929 895 1992 coactum,
906 1915 997 1978 modii
1013 1917 1128 1999 erigere

130 2022 164 2064 os
179 2015 209 2064 et
225 2001 333 2063 offerre
348 2001 547 2077 contumeliis,
570 2022 650 2064 nunc
673 2002 817 2064 cadentes
840 2015 952 2066 statuas
967 2025 1048 2081 suas,
1065 2003 1129 2086 ple·

130 2109 257 2171 rumque
281 2087 403 2161 Rostra,
429 2102 479 2150 aut
502 2087 608 2152 Galba
635 2088 726 2150 occisi
753 2088 853 2152 locum
877 2090 1012 2152 contueri
1026 2112 1036 2168 3
1061 2110 1129 2174 pos·

132 2173 230 2238 tremit
255 2173 292 2236 ad
325 2173 501 2250 Gemonias,
525 2175 575 2237 ubi
600 2195 709 2258 corpus
735 2173 834 2238 Flavii
858 2174 960 2238 Sabini
981 2175 1128 2260 jacuerat,

153 2260 300 2344 repulere.
345 2258 416 2324 Vox
438 2283 496 2322 una
522 2282 582 2322 non
609 2260 767 2341 degeneris
788 2262 878 2324 animi
902 2260 1128 2347 excbpta,ci1m

130 2283 269 2410 Pfrihuno
294 2347 457 2423 insultanti,
475 2353 529 2408 ‘se
554 2361 654 2410 tamen
679 2345 897 2430 Imperatorem
925 2348 988 2434 ejus
1015 2347 1127 2426 luissa,'

131 2435 296 2518 respondit.
342 2434 390 2496 Ac
416 2433 525 2495 deinde
549 2434 672 2515 ingestis
698 2434 869 2498 vulneribus
898 2435 1040 2498 concidit.
1087 2433 1129 2498 Et

131 2521 238 2601 vulgus
253 2519 361 2584 eidem
380 2520 526 2604 pravitate
541 2520 744 2584 insectabatur
753 2519 956 2600 intersectum,
972 2521 1033 2606 qud
1048 2520 1129 2586 sove-

131 2623 175 2672 tat
187 2621 350 2670 viventem.

176 2691 364 2758 LXXXVI.
388 2692 491 2756 Patria
513 2693 555 2756 illi
577 2693 728 2758 Luceria:
752 2696 914 2780 septimum
939 2709 970 2758 et
985 2695 1129 2781 quinqua·

132 2782 278 2864 gesimum
291 2781 383 2844 atatis
393 2801 504 2842 annum
517 2781 672 2864 explebat.
718 2780 930 2860 Consulatum,
943 2782 1129 2860 Sacerdotis,

132 2890 241 2932 nomen
259 2869 420 2950 locumque
443 2866 520 2928 inter
544 2868 699 2951 primores,
725 2868 809 2932 nullia
829 2869 885 2931 suia
906 2867 1063 2947 industriis,
1077 2869 1129 2932 sed

133 2971 242 3019 cuncta
252 2954 342 3040 patris
351 2954 528 3018 claritudine
539 2955 678 3035 adeptus.
723 2954 930 3039 Principatum
943 2957 970 3018 ei
984 2955 1129 3032 detulere,

134 3045 183 3127 qui
199 3045 295 3127 ipsum
313 3060 371 3104 non
389 3055 543 3106 noverant.
590 3040 696 3104 Studia
718 3041 881 3119 exercitiis,
897 3042 964 3106 rarb
979 3043 1129 3128 cuiquam,

132 3131 218 3194 bonis
234 3129 345 3192 artibus
359 3129 493 3212 quesita,
510 3128 634 3212 perinde
650 3127 773 3206 affuere,
790 3129 880 3214 quam
894 3129 962 3192 hnic
980 3151 1034 3212 per
1049 3131 1130 3212 igna-

134 3218 225 3280 viam.
271 3214 371 3276 Inerat
401 3229 501 3278 tamen
532 3215 707 3297 simplicitas
737 3237 772 3278 ac
799 3215 977 3280 liberalitas:
1002 3237 1078 3300 que,
1101 3217 1130 3279 ni

135 3304 210 3366 adsit
224 3301 343 3376 modus,
366 3301 395 3362 in
419 3301 544 3364 exitium
563 3315 728 3364 vertuntur.
773 3303 940 3378 Amicitias,
956 3303 1028 3365 dum
1049 3323 1132 3384 mag·

133 3390 268 3452 nitudine
285 3408 456 3462 munerum,
472 3409 530 3450 non
546 3386 716 3452 constantiis
730 3410 859 3466 morum,
875 3390 1021 3452 contineri
1038 3404 1132 3473 putat,

134 3475 243 3540 meruit
259 3471 364 3554 magis,
381 3471 470 3558 quirin
488 3474 600 3536 habuit.
647 3473 836 3558 Reipublicae
849 3476 928 3538 haud
941 3475 1031 3538 dubiia
1043 3478 1132 3540 inter·

135 3577 209 3638 erat,
226 3559 380 3624 Vitellium
399 3559 499 3624 vinci:
521 3561 573 3623 sed
589 3560 736 3646 imputare
753 3563 906 3646 perfidiam
922 3585 981 3626 non
998 3578 1131 3646 possunt,
1240 3575 1241 3632 ξ

136 3650 186 3734 qui
208 3645 361 3710 Vitellium
383 3645 572 3729 Vespasiano
594 3649 763 3732 prodidere,
785 3649 856 3714 cnm
880 3649 1014 3714 aGalbia
1036 3650 1133 3714 desci-

138 3738 261 3800 vissent.
307 3733 459 3819 Praecipiti
484 3734 514 3798 in
541 3755 682 3823 occasum
708 3737 768 3816 die,
794 3737 833 3804 cb
856 3758 1000 3823 pavorem
1023 3735 1137 3822 Magis·
