2560 4258
76 241 80 250 ·
114 221 158 290 28
416 223 457 288 C.
474 223 583 290 Corin.
600 223 727 302 Ticini
902 227 958 310 [A.
976 225 1017 290 U.
1033 229 1111 292 822.

115 387 229 467 ingenti
245 389 409 455 certamine
432 388 567 474 ejusdem
585 389 743 472 provincie
759 389 910 470 legiones:
934 405 966 454 et
980 393 1116 474 superior

117 476 281 551 exercitus,
303 477 447 557 speciosis
463 474 593 538 Senatris
611 475 781 562 Populique
798 475 928 540 Romani
946 479 1115 542 nominibus

115 561 237 637 relictis,
265 564 384 624 tertium
410 560 514 626 Nonas
534 561 829 626 lanuariasVitellio
854 567 999 628 accessit:
1024 565 1116 628 scires
1184 630 1193 653 ‚

115 647 201 714 illum
228 650 325 730 priore
351 649 441 711 biduo
465 671 523 712 non
550 671 642 732 penes
659 648 893 733 Rempublicam
910 651 1010 714 luisse.
1056 653 1117 714 Ar·

115 733 220 799 dorem
237 735 424 798 exercituum
436 736 686 819 Agrippinenses,
699 735 838 813 Treveri,
851 737 1004 819 Lingones
1017 759 1116 822 aqua·

113 819 198 912 bant,
215 828 222 856 ‘
237 821 357 897 auxilia,
382 843 487 905 equos,
511 844 604 898 arma,
629 823 781 905 pecunias'
798 825 970 900 offerentes,
987 841 1019 886 ut
1035 825 1115 909 quis·

116 928 176 991 que
188 929 325 990 corpore,
341 909 459 990 opibus,
476 910 596 992 ingenio
609 911 734 974 validus.
774 909 842 974 Nec
859 912 1009 994 principes
1026 909 1118 974 modb

114 994 298 1059 coloniarum
315 1010 365 1056 aut
382 1012 557 1073 castrorum,
581 997 688 1080 quibus
705 999 860 1070 praesentia
880 1019 920 1060 ex
936 998 1069 1060 affluenti
1085 1011 1116 1060 et

94 1135 97 1140 .
113 1079 200 1164 parti
218 1079 341 1144 victorii
354 1103 469 1162 magna
484 1105 574 1166 spes:
599 1085 651 1146 sed
669 1085 813 1166 manipuli
829 1105 948 1168 quoque
964 1100 995 1146 et
1010 1105 1116 1166 grega-

115 1167 176 1230 rius
194 1167 279 1230 miles
293 1169 398 1232 viatica
413 1185 509 1233 suaet
522 1171 635 1232 balteos
652 1171 860 1254 phalerasque,
877 1171 1002 1252 insignia
1018 1191 1116 1232 armo·

113 1273 180 1352 pum
204 1270 328 1334 argento
343 1255 463 1330 decora,
478 1257 548 1320 loco
564 1257 698 1339 pecuniae
717 1257 895 1334 tradebant;
918 1257 1070 1332 instinctu,
1086 1271 1118 1318 et

113 1355 242 1420 impetu,
259 1355 290 1402 ct
305 1341 439 1404 avaritii.

159 1423 265 1488 LVll.
290 1425 393 1507 igitur,
410 1426 530 1492 laudati
551 1427 677 1490 militum
693 1428 856 1504 alacritate,
871 1426 1023 1501 Vitellius,
1039 1426 1115 1490 min·

114 1511 216 1576 istoria
233 1512 433 1596 Principalis,
463 1537 515 1598 per
530 1514 651 1576 libertos
667 1515 713 1594 agi
738 1514 835 1590 solita,
860 1515 890 1576 in
906 1513 1033 1597 Equites
1050 1511 1116 1576 Ro·

113 1617 220 1664 manos
236 1599 383 1682 disponit:
413 1601 584 1664 vacationes
600 1599 835 1663 Centuriouibus
851 1621 892 1661 ex
914 1601 986 1662 fisco
1009 1620 1115 1662 nume·

113 1700 177 1747 rat:
195 1687 337 1748 saevitiam
355 1689 491 1764 militum,
510 1689 668 1770 plerosque
680 1685 717 1747 ad
737 1707 856 1768 poeuam
873 1685 1116 1766 exposcentium,

112 1771 221 1852 saepibs
237 1774 395 1854 approbat,
420 1775 525 1857 partim
542 1774 730 1836 simulatione
747 1772 932 1834 vinculorum
950 1772 1114 1835 frustratur.

113 1854 281 1938 Pompeius
306 1857 508 1942 Propinquus,
534 1859 714 1920 Procurator
738 1857 882 1938 Belgica,
909 1859 1007 1920 statim
1024 1860 1115 1922 inter·

115 1939 224 2006 sectus.
269 1942 383 2006 Juliunr
400 1945 588 2019 Burdonem,
601 1944 788 2008 Germanica
804 1944 906 2006 classis
922 1944 1115 2020 Praefectum,

113 2043 179 2096 astu
195 2029 353 2092 subtraxit.
400 2029 564 2094 Exarserat
579 2031 607 2090 in
624 2051 693 2092 eum
709 2029 862 2092 iracundia
877 2030 1038 2104 exercitiis,
1050 2043 1117 2092 tan·

115 2135 205 2198 quam
221 2115 334 2178 crimen
358 2137 393 2178 ac
410 2138 482 2178 mox
505 2115 625 2178 insidias
642 2115 771 2178 Fonteio
787 2115 930 2198 Capitoni
947 2116 1115 2178 struxisset.

115 2199 209 2264 Grata
225 2216 288 2264 erat
305 2202 447 2264 memoria
463 2201 638 2284 Capitonis:
662 2216 693 2264 et
709 2201 787 2284 apud
804 2202 960 2264 sevientes
975 2199 1114 2264 occidere

114 2287 227 2372 palam,
243 2289 398 2368 ignoscere
411 2311 469 2350 uon
486 2289 541 2350 uisi
554 2288 695 2364 l'alleudo,
711 2289 829 2351 licebat.
876 2287 922 2350 Ita
938 2285 1116 2350 incustoditi

114 2373 258 2439 habitus:
286 2389 317 2436 et
343 2389 409 2458 post
437 2375 590 2437 victoriam
619 2375 754 2449 demum,
779 2374 876 2436 stratis
895 2372 959 2457 jarn
986 2373 1114 2446 militum

116 2461 202 2536 odiis,
219 2460 355 2522 dimissus
380 2474 436 2522 est.
482 2459 617 2536 interim,
642 2475 673 2524 ut
694 2461 855 2542 piaculum,
879 2459 1015 2540 objicitur
1031 2457 1115 2522 Cetr-

115 2548 193 2610 turio
209 2545 378 2630 Crispinus,
402 2547 451 2630 qui
476 2569 508 2608 se
532 2547 676 2628 sanguine
700 2545 859 2628 Capitonis
884 2558 1114 2609 cruentaverat:

115 2632 214 2718 ebque
228 2627 261 2694 et
279 2634 495 2714 postulantibus
512 2633 695 2696 manifestior
710 2648 740 2694 et
758 2633 892 2714 punienti
906 2633 989 2694 vilior
1005 2632 1069 2695 luit.

160 2717 251 2782 LlX.
275 2716 373 2782 Julius
388 2719 497 2780 deinde
510 2717 615 2782 Civilis
633 2718 767 2800 periculo
780 2733 929 2795 exemtus,
946 2733 1115 2802 prepotens

116 2807 193 2870 inter
208 2805 352 2879 Batavos,
370 2827 407 2868 ue
423 2805 572 2887 supplicio
588 2803 652 2888 ejus
666 2804 749 2866 ferox
762 2826 835 2883 gens
851 2805 1038 2866 alienaretur.
1074 2803 1116 2870 Et

115 2905 201 2956 erant
216 2891 244 2954 in
257 2891 379 2952 civitate
392 2889 564 2971 Lingonum
580 2905 649 2952 octo
661 2889 845 2952 Batavorum
862 2893 1012 2968 cohortes,
1027 2911 1113 2974 quar·

114 2978 278 3042 taedecimae
294 2976 418 3058 legionis
434 2977 554 3051 auxilia,
579 2990 643 3038 turn
659 2975 807 3038 discordia
822 2991 992 3058 temporum
1008 2999 1024 3038 a
1041 2976 1114 3058 legi-

115 3085 173 3128 one
190 3064 339 3144 digresse,
364 3076 449 3145 prout
472 3060 676 3137 inclinissent,
697 3063 808 3144 grande
825 3079 1009 3126 momentum
1025 3063 1114 3126 socia

116 3168 166 3214 aut
176 3151 319 3212 adversae.
365 3147 511 3224 Nonium,
524 3147 701 3222 Donatium,
716 3147 893 3226 Romilium,
903 3149 1114 3230 Calpurnium,

116 3236 330 3309 Centuriones,
346 3234 385 3296 de
401 3235 508 3317 quibus
523 3234 613 3317 supra
628 3235 791 3310 retulimus,
806 3237 901 3298 occidi
917 3235 1013 3320 jussit,
1030 3234 1114 3296 daru-

114 3339 200 3386 natos
215 3321 284 3384 fidei
299 3321 434 3394 crimine,
457 3321 631 3399 gravissimo
651 3321 726 3384 inter
741 3322 952 3386 desciscentes.
999 3320 1114 3382 Acces-

115 3408 181 3472 sdre
211 3407 339 3490 partibus
357 3404 496 3467 Valerius
522 3407 680 3482 Asiaticus,
705 3407 838 3488 Belgica
866 3397 1024 3491 provincia
1051 3405 1113 3468 Le·

115 3510 212 3574 gatus,
243 3514 333 3576 quern
361 3513 432 3554 utos
451 3490 591 3554 Vitellius
621 3515 764 3572 generunt
792 3495 918 3570 ascivit3
949 3507 980 3556 et
1005 3492 1114 3554 Junius

116 3579 243 3654 Blaesus,
261 3577 472 3658 Lugdunensis
489 3577 595 3642 Galliae
611 3595 719 3657 rector,
737 3601 806 3642 cum
824 3579 927 3644 ltalicri
950 3579 1067 3659 legione
1083 3591 1115 3642 et

114 3663 323 3740 aleaurinai,
348 3663 489 3746 Lugduni
514 3667 714 3730 tendentibus.
761 3665 829 3729 Nec
850 3667 879 3729 in
903 3665 1047 3730 Rbaeticis
1063 3686 1114 3727 co-

114 3751 170 3836 piis
196 3772 289 3824 mora,
317 3749 376 3834 qub
396 3751 493 3814 minius
517 3754 616 3818 statim
640 3752 881 3840 adjungerentur.
926 3752 978 3817 Ne
1000 3751 1029 3814 iu
1045 3749 1115 3816 Bri·

111 3835 214 3901 tannici
230 3835 350 3920 quidem
367 3837 546 3904 dubitatum.
1117 3849 1119 3854 ’
