2556 4446
181 467 246 532 288
519 489 774 534 uacca-nucu
797 490 849 534 ιιι.

211 631 322 682 &nitio
332 632 425 696 muta]
459 631 548 697 Nullo,
561 634 603 684 vel
615 633 724 686 adverso
735 641 822 686 vento.

209 715 321 762 Portum
331 716 450 766 Herculia
460 715 582 778 Maaaeai]
616 716 684 766 Now
693 717 810 766 Mouaco
818 729 851 768 on
862 715 906 767 tha
917 723 988 767 coast
998 716 1028 768 ol
1034 715 1133 768 Genea.

209 797 290 846 huus
300 801 368 844 metu
379 795 507 860 iufracta]
541 798 571 848 Id
579 805 625 860 est,
634 797 711 848 valde
720 799 802 850 fracto
813 809 838 850 et
847 799 989 849 debilitata.

208 878 278 928 sect.
289 879 329 930 4³.
348 883 447 930 Forum
455 880 539 942 Julii]
565 879 591 930 A
602 881 705 932 Roman
715 881 809 946 colony
818 882 843 930 in
854 883 924 932 Gaul
933 881 1046 932 founded
1055 882 1088 945 by
1095 871 1181 931 Julius

177 960 276 1024 Cacsar,
287 962 375 1011 witha
385 961 480 1012 harbon
490 970 517 1011 at
527 961 570 1012 tha
586 963 677 1014 mouth
685 963 717 1014 os
729 963 772 1014 the
783 964 854 1016 river
862 967 970 1029 Argeas.
1005 965 1065 1014 The
1076 965 1149 1028 place
1159 963 1181 1012 is

178 1057 238 1093 now
248 1044 333 1094 called
343 1045 445 1109 Frcjus.

209 1128 638 1192 Remamra—-oaleutilurfuifl
670 1129 822 1180 Groecorum
834 1143 906 1179 more
922 1127 1030 1194 dictum,
1040 1143 1088 1194 pro
1104 1129 1182 1178 libeu-

178 1214 213 1258 tcr
221 1215 408 1272 remanserunt,
420 1221 445 1260 et
456 1211 482 1260 iu
494 1209 574 1262 verba
586 1211 743 1278 Vespasiani
754 1212 840 1263 adacti
850 1221 917 1262 sunt.

210 1289 366 1354 Stacladas]
400 1292 509 1344 Several
518 1293 624 1358 islauds,
641 1308 702 1345 now
712 1295 797 1345 called
803 1295 850 1345 the
861 1295 959 1358 Hieras,
975 1309 1009 1345 on
1020 1293 1063 1344 tha
1074 1301 1145 1344 coast
1155 1293 1186 1343 ol

179 1375 321 1424 Proveuce.

209 1455 279 1505 Sect·
288 1457 328 1505 lu
346 1459 405 1505 Nau
415 1458 471 1506 sim
481 1459 714 1522 matuactararum]
749 1459 855 1509 Scilicet
865 1460 1007 1523 legionum.

209 1536 279 1587 Sect.
289 1538 329 1587 46.
348 1539 445 1588 Prima
455 1541 555 1602 raum]
590 1539 618 1591 ld
629 1551 674 1602 est,
687 1541 785 1602 primos
796 1550 903 1590 eventus
914 1555 1009 1590 rerum.

208 1621 317 1684 Jamque
326 1627 411 1670 castra
421 1623 579 1684 exscindere]
613 1622 725 1672 Videtur
734 1621 876 1670 auxiliares
888 1621 984 1684 copias,
1000 1621 1143 1682 equitatum
1156 1629 1181 1670 et

177 1703 285 1766 pedites,
294 1705 320 1754 in
332 1705 562 1755 dexteraDanubii
573 1706 630 1768 ripa
640 1713 726 1756 castra
734 1719 783 1754 sua
794 1703 949 1764 collocasse3
966 1702 1032 1751 citra
1043 1712 1105 1750 vero
1116 1701 1180 1764 legi·

177 1800 240 1835 oues
249 1787 409 1849 consedisse;
427 1789 536 1836 alteram
547 1801 640 1851 nempe
649 1787 734 1837 aciem
748 1785 863 1836 subsidia
872 1784 1148 1848 ceterispraebituram.

208 1867 276 1918 Sect.
285 1870 324 1920 47.
349 1869 552 1931 nuapezeatam]
580 1866 649 1918 Now
659 1867 816 1929 Trebizond‚
828 1883 843 1915 a
852 1868 904 1930 city
914 1866 1002 1922 witha
1011 1873 1067 1930 port
1077 1866 1104 1914 ln
1114 1863 1182 1915 Asia

177 1949 484 2000 MinoroutbeEuxine.

208 2033 308 2081 Donati
318 2033 423 2080 ciuitate
434 2032 565 2092 Romana]
600 2031 640 2094 By
650 2031 774 2094 granting
782 2031 825 2080 the
834 2029 951 2080 freedom
961 2031 993 2080 of
1005 2031 1048 2079 the
1059 2029 1120 2094 city,
1138 2028 1181 2079 the

176 2114 371 2162 Romansdrew
381 2114 477 2162 distant
485 2114 601 2162 colantes
610 2113 688 2162 intua
698 2114 768 2162 close
779 2113 901 2161 alliance.

210 2195 331 2242 Caauraa
341 2195 443 2254 uacant]
479 2193 567 2242 These
578 2207 673 2242 canoas
687 2207 756 2244 were
772 2207 801 2243 so
812 2194 886 2256 light,
904 2193 959 2242 that
970 2192 1012 2242 the
1029 2193 1182 2244 barbariaus

176 2275 252 2325 could
271 2289 346 2340 carry
357 2275 427 2324 them
438 2290 470 2325 ou
483 2275 550 2324 their
564 2275 708 2338 shoulders,
720 2275 776 2324 aud·
788 2284 903 2325 traverse
915 2275 1002 2324 woods
1019 2276 1072 2325 aud
1089 2277 1182 2326 forests

177 2357 285 2408 without
296 2359 374 2422 being
385 2358 508 2423 iatigued.

209 2441 277 2491 Sect.
288 2443 327 2493 lu.
345 2443 407 2491 Post
420 2441 582 2502 Crenaccam]
617 2440 724 2491 Scilicet
732 2440 854 2490 delatam.

213 2525 245 2574 Ut
254 2529 355 2588 captam
365 2525 483 2587 Italiam]
519 2525 599 2576 Velut
610 2524 634 2575 si
644 2525 711 2576 bello
722 2524 839 2589 cepisset.
873 2523 910 2573 Ut
927 2538 994 2586 ruas,
1013 2523 1084 2574 velut
1094 2521 1117 2572 si
1127 2535 1181 2571 suae

177 2616 262 2656 assem
272 2607 396 2672 legiones.
946 2613 949 2620 ’
1033 2639 1037 2644 -

213 2688 460 2750 Ordines-offerebat]
495 2687 665 2739 Permittebat
675 2688 830 2750 legionibus¹
841 2695 868 2736 ut
879 2688 940 2750 ipsae
950 2688 1000 2736 sibi
1011 2701 1075 2750 quos
1084 2686 1183 2737 vellent

177 2769 341 2817 centuriones
352 2770 486 2830 eligerent.
642 2765 644 2768 ’
796 2785 799 2796 ’
830 2787 836 2792 ·
1116 2759 1118 2763 ’

211 2850 279 2908 Qua
295 2849 414 2898 uditiosa
424 2850 521 2908 v—a'a
536 2852 652 2914 prodam
668 2851 789 2912 vertebat]
830 2849 942 2911 Sensus;
967 2849 1017 2898 ista
1032 2861 1085 2898 non
1102 2849 1182 2899 modo

175 2930 299 2981 seditiosa
309 2939 335 2980 et
350 2931 383 2980 ad
400 2933 618 2996 corrumpendam
634 2934 801 2998 disciplinam
818 2932 941 2993 valentia,
958 2931 1003 2981 sed
1020 2931 1100 2981 etiam
1118 2929 1182 2991 hinc

176 3015 394 3064 illeoccasionem
405 3015 672 3078 predandisurnebat.
706 3017 827 3079 Vectigal
840 3015 970 3078 quoddam
981 3014 1139 3078 percipiebat
1148 3029 1181 3063 ex

177 3097 286 3148 ducibus
294 3111 358 3160 quos
366 3105 518 3146 creaverant
530 3099 633 3160 milites,
645 3107 773 3148 uteorum
786 3098 889 3146 titulum
901 3095 1074 3145 confirmaret.

209 3180 277 3230 Sect.
286 3179 327 3230 50.
344 3182 453 3228 Fanum
463 3179 600 3240 Fortunae]
635 3179 702 3230 Now
712 3183 796 3241 Fauo,
813 3193 829 3226 a
845 3187 902 3245 port
914 3185 982 3227 town
994 3177 1024 3228 os
1036 3178 1132 3228 Urbiuo
1146 3193 1180 3227 ou

177 3263 219 3312 the
231 3262 361 3312 Adriatic.
427 3251 446 3262 ”
752 3274 753 3277 ’

210 3345 376 3407 clocarium]
411 3343 566 3394 clavarium
577 3357 632 3392 was
648 3343 797 3392 adonatitre
813 3341 922 3406 granted
933 3351 958 3393 to
969 3343 1012 3392 the
1028 3343 1137 3393 soldiers
1154 3351 1181 3392 to

176 3429 267 3478 enable
280 3429 348 3478 thern
359 3437 384 3477 to
395 3427 522 3493 purchase
533 3425 601 3476 uails
613 3426 654 3475 lor
664 3426 731 3474 their
741 3426 826 3476 sboes.
860 3427 888 3474 ln
901 3425 954 3475 like
962 3439 1072 3475 manner
1081 3425 1123 3474 the
1138 3424 1183 3474 do-

175 3511 263 3559 native
274 3511 314 3559 sor
323 3511 398 3559 shoes
410 3523 464 3558 was
474 3508 557 3558 called
568 3508 733 3556 calcearium.

208 3592 274 3640 Sect.
293 3595 332 3642 dl.
351 3590 554 3651 Juslomr'aum]
588 3591 635 3640 Jus
646 3591 772 3653 gentium,
782 3591 824 3654 J'us
841 3597 948 3639 natura.

192 3663 193 3670 ’
207 3674 283 3734 Apud
294 3673 461 3734 Jaaiculum]
496 3671 522 3722 A
532 3671 594 3734 high
606 3664 654 3721 bill
668 3681 695 3721 at
712 3666 803 3735 Rome,
814 3674 859 3722 but
875 3681 919 3721 not
930 3687 979 3722 one
990 3672 1021 3721 oi
1034 3671 1075 3720 the
1086 3685 1180 3722 seven:

176 3769 235 3804 now
253 3755 337 3804 called
347 3758 434 3804 Moate
447 3755 596 3804 Giuuiaulo.

208 3836 289 3886 Haud
298 3836 417 3896 absurde]
453 3837 481 3884 ld
493 3847 538 3896 cst,
550 3837 753 3900 operaepretium
765 3844 803 3886 est
813 3849 965 3886 memorare.

208 3920 276 3968 Sect.
288 3917 328 3965 52.
348 3915 467 3965 Certiora
474 3933 506 3967 aa
514 3919 653 3980 Muciano]
687 3919 827 3981 Firmium,
838 3927 961 3984 tanquam
973 3919 1075 3970 dataab
1085 3935 1124 3983 eo,
1135 3920 1182 3983 qui

178 4001 231 4050 dux
244 4006 309 4049 esset
319 3996 468 4060 primarius.
