2560 4258
150 235 245 303 A.C.
262 232 331 318 69.]
452 233 590 298 Hieron.
615 231 690 296 Lus.
715 229 858 295 Pnrrrns.
1112 231 1154 293 29

163 443 165 451 ·
196 401 269 466 LX.
295 401 427 463 Praeerat
438 397 610 461 Trebellius
626 396 792 473 Maximus,
808 415 863 479 per
877 394 1030 458 avaritiam
1048 407 1078 457 et
1090 415 1154 457 sor·

153 491 207 554 des
230 501 401 551 contemtus
427 485 573 547 exercitui
597 485 781 566 invisusque.
828 482 1027 544 Accendebat
1050 481 1153 543 odium

153 575 218 662 ejus
234 575 365 638 Roscius
381 570 504 648 Caelius,
529 571 663 650 Legatus
679 569 827 630 vicesimae
846 568 981 649 legionis,
1005 567 1075 630 olim
1093 567 1153 628 dis-

152 681 229 738 cors,
253 661 306 722 sed
322 659 480 722 occasione
495 657 627 719 civilium
651 677 799 718 armorum
821 654 949 716 atrociirs
966 666 1152 737 proruperat.

153 747 327 811 Trebellius
353 745 551 806 ‘seditionem
577 757 607 804 et
633 741 790 804 confusum
815 741 949 804 ordinem
977 738 1150 822 disciplinaa’

153 834 250 898 Caelio
264 855 272 909 3
296 831 458 914 ‘spoliatas
474 846 504 892 et
520 831 625 912 inopes
641 828 784 910 legiones’
801 826 913 890 Caelius
928 825 1084 888 Trebellio
1099 826 1154 888 ob·

148 921 306 1007 jectabat:
328 917 397 980 edm
414 917 532 980 interim
549 915 635 978 soedis
651 913 834 996 Legatornm
852 914 1065 976 certaminibus
1088 935 1154 974 mo·

154 1007 251 1069 destia
266 1003 417 1066 exercitiis
428 1017 579 1086 corrupta,
595 1001 693 1086 edqne
710 1000 862 1063 discordiae
879 1015 1014 1076 ventum,
1031 1014 1063 1062 ut
1079 1019 1155 1062 aux-

152 1093 278 1156 iliarium
300 1111 419 1174 quoque
444 1090 569 1151 militum
592 1088 735 1150 conviciis
760 1088 959 1170 proturbatus,
983 1101 1023 1161 er,
1048 1106 1154 1167 aggre-

155 1178 292 1260 gantibus
318 1197 351 1238 se
368 1175 463 1238 Caelio
486 1176 658 1238 cohortibus
681 1175 806 1257 alisque,
831 1173 966 1235 desertus
982 1171 1154 1234 Trebellius

155 1265 192 1326 ad
210 1263 362 1326 Vitellium
388 1261 576 1345 perfugerit:
603 1261 687 1345 quies
714 1259 883 1342 provinciae,
911 1281 1081 1343 quanquam
1108 1279 1155 1320 re·

153 1364 236 1414 rnoto
259 1349 427 1424 Consulari,
453 1348 579 1410 mansit:
605 1347 712 1408 rexere
736 1344 844 1428 Legati
870 1346 1042 1428 legionurn3
1067 1361 1164 1429 pares¹
1262 1359 1263 1362 ’

152 1436 231 1522 jure,
248 1435 361 1498 Caelius
376 1434 516 1496 audendo
532 1435 706 1518 potentior.'

198 1521 289 1586 LXl.
316 1520 471 1606 Adjnncto
486 1520 663 1583 Britannico
679 1519 826 1595 exercitu,
842 1519 948 1602 ingene
964 1520 1075 1582 viribus
1091 1519 1159 1602 opi·

154 1610 271 1693 busque
286 1607 437 1684 Vitellius,
454 1607 528 1668 duos
552 1605 667 1682 Duces,
691 1607 751 1666 duo
767 1606 871 1667 itinera
889 1606 967 1668 hello
983 1606 1154 1668 destinavit.

155 1695 269 1759 Fabius
287 1693 402 1756 Valens
418 1694 569 1768 ‘allicere‚
586 1693 645 1767 vel,
661 1693 684 1753 si
701 1693 877 1767 abnuerent,
897 1705 1012 1754 vastare
1029 1692 1154 1767 Gallias,

154 1797 185 1845 et
201 1781 350 1845 Cottianis
367 1780 496 1861 Alpibus
513 1778 628 1840 ltaliam
647 1779 810 1860 irrumpere
821 1777 840 1854 3’
856 1776 979 1840 Caecina
995 1785 1003 1816 ‘
1017 1786 1155 1862 propiore

152 1869 286 1942 transitu,
310 1866 434 1932 Peninis
456 1865 536 1950 jugis
560 1863 693 1944 degredi'
705 1863 815 1948 jussus.
862 1861 985 1926 Valenti
1009 1863 1177 1928 inferioris.

154 1953 306 2018 exercitiis
332 1953 432 2028 alacri,
456 1973 525 2014 curn
543 1950 643 2036 aquilb
658 1951 766 2034 quintae
790 1950 914 2031 legionis
937 1966 968 2013 et
983 1952 1156 2014 cohortibus

155 2041 280 2124 alisque,
307 2040 343 2102 ad
370 2039 563 2124 quadraginta
590 2038 680 2100 millia
707 2053 887 2098 armatorum
915 2037 1005 2100 data:
1037 2039 1157 2120 triginta

153 2127 245 2190 millia
261 2125 384 2189 Caecina
408 2145 425 2187 e
448 2125 598 2210 superiore
615 2122 781 2186 Germanii
796 2124 936 2199 ducebat,
961 2147 1087 2208 quorum
1109 2146 1156 2188 ro-

154 2214 211 2276 bur
226 2213 305 2294 legio
321 2233 390 2288 una,
408 2213 502 2294 prima
518 2225 548 2274 et
565 2211 716 2285 vicesima,
733 2209 805 2272 suit:
830 2210 930 2272 addita
946 2211 1063 2295 utrique
1077 2209 1156 2274 Ger·

152 2321 310 2364 manorum
335 2299 456 2374 auxilia,
480 2319 498 2360 e
522 2297 629 2380 quibus
648 2295 788 2359 Vitellius
812 2317 880 2359 suae
906 2318 1026 2382 quoque
1052 2298 1155 2381 copias

154 2387 317 2470 supplevit,
334 2383 398 2446 toth
414 2385 492 2446 rnole
508 2383 578 2446 belli
596 2399 763 2445 secuturus.
1000 2392 1022 2455 0

152 2503 154 2508 ·
198 2469 303 2534 LXll.
329 2471 407 2534 Mira
422 2471 499 2532 inter
514 2471 680 2532 exercituin
697 2470 975 2555 Imperatoremqne
991 2471 1157 2535 diversitas

153 2558 268 2622 Instare
286 2557 381 2634 miles,
405 2579 487 2619 arma
509 2577 644 2640 poscere,
662 2557 752 2618 ‘dum
771 2556 876 2618 Galliae
900 2558 1058 2640 trepident,
1082 2558 1154 2622 dum

153 2644 307 2726 Hispaniae
323 2659 521 2706 cunctentur:
547 2665 605 2704 non
622 2644 740 2704 obstare
758 2645 899 2726 hyemem
924 2665 1023 2728 neque
1040 2645 1153 2726 ignavae

154 2732 235 2816 pacis
261 2751 381 2792 moras:
414 2731 623 2792 invadendam·
641 2729 768 2805 ltaliam,
795 2730 1002 2812 occupandam
1027 2733 1154 2794 urbem:

153 2818 227 2880 nihil
255 2819 283 2878 in
310 2816 463 2878 discordiis
489 2817 624 2878 civilibus
652 2815 840 2878 festinatione
865 2817 966 2891 tutius,
998 2818 1047 2879 uhi
1075 2816 1155 2882 sacto

153 2901 259 2986 mogh,
284 2903 372 2987 qudm
389 2903 527 2964 consulto
542 2925 618 2985 opus
635 2901 736 2964 esset.'
783 2901 940 2984 Torpebat
958 2902 1108 2980 Vitellius,
1126 2917 1157 2968 et

153 2989 301 3054 fortunam
321 2988 509 3070 Principatirs
533 2990 617 3050 inerti
641 2990 714 3050 luxu
731 3009 766 3050 ac
785 2990 912 3070 prodigis
931 2991 1026 3073 epulis
1043 3011 1154 3073 praesu-

154 3077 266 3152 mebat,
285 3076 384 3138 medio
396 3075 453 3136 diei
470 3076 653 3137 temulentus
669 3090 699 3152 et
715 3073 819 3154 saginb
834 3076 951 3156 gravis:
968 3076 1037 3138 ciam
1054 3091 1156 3140 tamen

154 3164 282 3226 arderet
296 3163 339 3223 vis
356 3162 481 3224 militurn
499 3161 576 3224 ultrb
586 3161 681 3224 Ducis
697 3162 798 3222 munia
814 3161 969 3244 implebat,
986 3177 1017 3226 ut
1032 3164 1054 3225 si
1069 3164 1156 3226 ades·

152 3263 200 3312 set
217 3247 392 3332 Imperator,
416 3263 447 3310 et
462 3249 599 3323 strenuis,
618 3249 664 3310 vel
682 3249 793 3328 ignavis
809 3270 894 3330 spem
912 3265 1086 3334 metumque
1104 3251 1157 3313 ad-

153 3336 248 3398 deret.
297 3334 435 3396 lnstrncti
462 3335 628 3418 intentique
653 3337 788 3415 ‘signum
817 3334 1017 3418 profectionis'
1045 3357 1157 3420 expos·
1188 3399 1200 3414 Δ,

153 3438 236 3484 cunt.
283 3419 403 3482 Nomen
425 3419 599 3482 Germanici
616 3419 739 3484 Vitellio
754 3422 853 3483 statim
870 3422 1004 3485 additum
1019 3445 1025 3485 :
1056 3415 1180 3486 (biterr-¹

153 3529 215 3570 rem
231 3529 263 3568 se
280 3507 425 3588 appellari
441 3508 531 3569 etiam
549 3508 642 3570 victor
658 3508 819 3590 prohibuit.
865 3507 1157 3589 Laeturnaugurium
1223 3537 1263 3560 ·-

155 3593 253 3658 Fabio
271 3591 392 3655 Valenti
417 3595 634 3678 exercituique,
659 3615 747 3678 quern
764 3595 793 3656 in
815 3594 928 3656 bellurn
953 3587 1069 3677 agebat,
1093 3596 1158 3680 ipso

151 3678 349 3764 profectionis
365 3680 424 3757 die,
446 3681 543 3764 aquila
562 3681 619 3742 leni
637 3696 749 3756 meatu,
766 3695 853 3764 prout
869 3702 976 3763 agmen
994 3682 1157 3760 incederet,

150 3766 238 3836 velut
252 3765 315 3830 dux
333 3767 397 3846 via,
414 3767 606 3852 praevolavit:
631 3767 815 3852 longumque
833 3789 886 3853 per
901 3768 1030 3852 spatium
1046 3769 1069 3831 ia
1085 3789 1157 3854 gnu-

591 3854 634 3922 3*
