2514 4318
70 163 72 168 Ι
110 212 175 278 196
430 208 471 274 C.
495 207 604 274 Coart.
626 209 780 276 Troicus

152 373 241 440 Vlll.
264 371 423 438 Memorio
445 372 591 457 proditur,
607 374 754 459 quasdam
769 374 864 452 acies,
878 376 1032 442 inclinatas
1043 376 1113 466 jam

109 476 141 528 et
155 463 301 538 labantes,
316 482 333 524 a
349 459 479 524 soeminis
493 461 655 537 restitutas,
673 461 843 525 constantiis
861 485 985 547 precum
1009 482 1041 530 et
1055 467 1114 530 ob-

103 549 189 636 jectu
214 564 380 634 pectorum,
403 562 435 609 et
462 546 625 610 monstrarit
647 549 785 612 cominus
806 551 991 633 captivitate,
1017 573 1112 637 quam

107 637 198 720 longo
229 633 432 718 impatientibs
463 632 651 696 loeminarum
681 656 803 698 suarum
832 637 954 700 nomine
972 639 1109 702 timent:

108 723 197 799 odel),
214 736 247 786 ut
262 720 414 784 efficaciis
428 720 597 803 obligentur
617 721 706 784 animi
723 721 890 800 civitatum,
906 725 1013 808 quibus
1031 725 1113 788 inter

107 810 229 874 obsides
251 807 360 892 puellae
384 828 505 892 quoque
528 807 645 871 nobiles
667 807 861 890 imperantur.
908 809 1012 874 luesse
1035 812 1109 895 quin

107 897 196 960 etiam
212 911 348 958 sanctum
371 894 481 978 aliquid
506 909 536 958 et
559 894 717 976 providum
741 909 867 979 putant:
890 919 948 960 nec
971 911 1022 960 ant
1036 919 1113 977 con«

106 983 170 1048 silia
186 1003 289 1044 earum
306 996 511 1065 aspernantur,
528 995 578 1042 aut
594 1001 737 1064 respousa
753 983 920 1064 negligunt.
967 982 1111 1047 Vidimus

106 1069 162 1136 sub
179 1068 261 1132 Divo
279 1065 478 1150 Vespasiano,
493 1065 657 1144 Veledam,
679 1067 730 1130 diu
753 1069 832 1152 apud
856 1070 1014 1154 plerosque
1037 1069 1108 1132 Nu·

104 1157 193 1220 minis
208 1157 274 1218 loco
297 1155 440 1218 habitam.
484 1153 547 1216 Sed
570 1168 602 1216 et
623 1154 695 1217 olim
710 1155 866 1218 Auriniam
889 1172 920 1220 et
934 1157 1107 1241 complures

105 1243 178 1392 gius
194 1241 327 1306 venerati
348 1255 428 1318 sunt,
448 1263 508 1302 nou
531 1225 787 1318 adulationel‘uec
809 1257 951 1326 tanquam
973 1243 1111 1308 facerent

139 1350 202 1392 eas.

149 1414 209 1478 lX.
233 1414 371 1479 Deorum
388 1413 521 1476 maximis
538 1411 724 1476 Mercurium
739 1415 854 1492 colunt,
873 1416 923 1479 cui
939 1417 1028 1479 certis
1043 1415 1110 1480 dte-

104 1501 161 1566 bus
179 1502 316 1566 butnauis
331 1522 452 1586 qnoque
469 1500 572 1562 hostiis
595 1500 682 1564 litare
705 1500 750 1565 las
771 1501 893 1565 habeut.
940 1502 1107 1568 Herculem

105 1609 140 1653 ac
158 1588 288 1654 Martem
304 1588 456 1652 concessis
479 1586 656 1650 animalibus
679 1588 821 1670 placant:
844 1609 913 1672 pars
935 1589 1107 1654 Suerorum

105 1691 136 1742 et
151 1674 221 1740 lsidi
238 1675 396 1738 sacrificat.
441 1671 533 1736 Unde
555 1693 645 1736 causa
669 1690 699 1737 et
721 1675 805 1758 origo
829 1676 988 1758 peregrino
1009 1697 1108 1754 sacro,

104 1783 210 1846 parum
227 1762 373 1844 comperi,
384 1760 439 1823 nisi
455 1759 536 1844 qubd
547 1760 663 1842 siguum
680 1760 789 1843 ipsum,
802 1761 831 1824 in
843 1762 967 1824 modum
982 1761 1107 1826 liburnae

102 1847 273 1930 figuratum,
304 1847 404 1924 docet,
435 1847 594 1910 advectam
621 1847 808 1927 religionem.
854 1846 1016 1926 Ceterdm,
1046 1870 1106 1914 nec

103 1935 247 1998 cohibere
264 1931 424 2016 parietibus
440 1931 537 2009 Deos,
554 1955 653 2017 neque
670 1935 697 1996 in
715 1935 805 1996 ullam
824 1934 947 1998 humaui
963 1936 1021 1998 oris
1036 1955 1107 2018 spe·

103 2020 182 2084 ciem
206 2020 393 2104 assimulare,
421 2040 461 2081 ex
484 2021 691 2102 magnitudine
712 2021 882 2086 coelestium
906 2022 1106 2086 arbitrantur:

102 2107 188 2171 lucos
204 2128 240 2170 ac
256 2128 380 2169 nemora
395 2121 585 2182 consecrant,
602 2106 801 2190 Deorumque
817 2109 986 2172 nominibus
1001 2109 1108 2192 appel·

102 2194 165 2258 lant
180 2209 331 2258 secretum
344 2193 428 2269 illud,
441 2194 521 2277 quod
534 2191 598 2255 sold
609 2193 778 2257 reverentii
789 2194 902 2258 vident.
946 2195 1107 2279 Auspicia,

102 2297 270 2367 sortesque,
286 2281 382 2364 utqui
399 2279 542 2355 maximis,
558 2281 731 2343 observant.

145 2367 190 2432 X.
216 2369 354 2432 Sortium'
372 2367 562 2430 consuetudo
580 2367 729 2450 simplex:
755 2367 879 2450 virgam,
896 2366 1043 2452 frugifero
1059 2388 1108 2442 ar·

102 2455 166 2520 bori
183 2455 327 2528 decisam,
344 2455 372 2516 in
396 2454 532 2517 surculos
555 2469 720 2537 amputant,
744 2475 868 2538 eosque,
883 2457 961 2518 notis
984 2455 1107 2540 quibus·

102 2541 172 2606 dam
189 2541 343 2614 discretos
359 2561 451 2624 super
475 2540 635 2602 condidam
653 2557 770 2604 vestem
787 2541 909 2603 'temere
932 2563 968 2604 ac
984 2541 1107 2604 fortuitd

101 2642 266 2712 spargunt:
291 2647 374 2702 mox,
391 2627 414 2688 si
439 2626 558 2708 publice
581 2627 765 2704 consuletur,
790 2627 941 2692 Sacerdos
964 2628 1105 2708 civitatis,

101 2715 146 2778 sin
163 2714 313 2798 privatim,
330 2713 395 2796 ipse
412 2712 627 2797 paterfamiliae,
652 2729 792 2796 precatus
815 2713 912 2790 Deos,
925 2715 1104 2800 'coelumquc

102 2801 280 2886 suspicione,
297 2814 343 2864 ter
365 2801 496 2883 singulus
519 2800 606 2876 tollit,
622 2801 766 2877 sublatos,
788 2801 955 2864 secundbm
979 2802 1106 2886 impres·

14 2935 20 2943 -
102 2907 166 2953 tam
197 2904 266 2952 ante
297 2902 411 2962 notam,
434 2887 652 2969 interpretatur.
710 2885 742 2949 Si
766 2887 993 2970 prohibuerunt,
1023 2887 1106 2952 nulla

103 2975 143 3039 de
166 2974 275 3038 ebdom
303 2995 334 3036 rc
358 2974 387 3036 in
412 2973 544 3034 eundem
572 2972 653 3035 diem
673 2974 874 3050 consultati03
904 2975 948 3038 sin
980 2975 1106 3057 permis-

102 3085 180 3140 sum,
204 3061 403 3145 auspiciorum
427 3059 525 3121 adbuc
546 3059 620 3121 fides
643 3060 782 3141 exigitur.
828 3059 871 3122 Et
893 3060 964 3122 illud
981 3061 1104 3145 quidem

102 3149 191 3213 etiam
217 3147 266 3210 hic
301 3161 417 3222 notum,
445 3145 545 3208 avium
570 3167 662 3208 voces
688 3146 865 3230 volatusque
898 3147 1103 3228 interrogare:

102 3235 254 3320 proprium
285 3233 569 3316 gentiaceqqoruu
596 3253 716 3317 quoque
743 3233 885 3315 presagia
915 3255 950 3297 ac
974 3233 1103 3297 monitus

103 3320 253 3402 experiri:
278 3317 397 3402 publice
428 3320 546 3382 aluntur
561 3319 666 3382 iisdem
690 3319 862 3382 nemoribus
884 3341 920 3383 ac
943 3321 1017 3383 lucis
1032 3339 1104 3384 can·

103 3406 175 3481 didi,
199 3419 230 3467 ct
247 3406 329 3468 nullo
352 3406 468 3468 mortali
494 3427 586 3488 opere
605 3406 756 3470 contacti:
781 3427 856 3490 quos
878 3428 996 3490 pressos
1018 3427 1104 3470 sacro

101 3511 190 3556 curru
215 3491 376 3565 Sacerdos,
395 3513 430 3554 ac
453 3491 537 3568 Rex,
561 3493 609 3555 vel
632 3491 781 3576 Princeps
798 3493 935 3572 civitatis,
958 3495 1104 3557 comitan-

102 3591 161 3654 tur,
185 3578 376 3663 hinnitusque
409 3599 445 3641 nc
475 3577 610 3641 fremitus
639 3579 811 3644 observant.
857 3579 926 3644 Nec
952 3581 1004 3642 ulli
1034 3599 1103 3643 aus·

102 3664 182 3746 picio
205 3663 300 3750 niujor
328 3665 413 3740 fides,
441 3685 502 3739 oon
533 3665 629 3728 solbm
660 3667 741 3749 apud
772 3665 904 3748 plebem,
934 3666 988 3728 sed
1022 3665 1102 3750 apud

102 3771 254 3836 proceres,
271 3750 351 3834 opud
376 3750 569 3814 Sacerdotes.
615 3751 657 3814 Se
678 3753 759 3816 enim
781 3753 931 3817 ministms
951 3751 1102 3834 Deorum,
