2514 4318
94 199 160 266 222
422 195 461 261 C.
485 195 594 262 Coss.
617 198 742 264 Tscrrr

95 361 199 428 deditb
220 363 328 440 insulis,
350 363 448 426 claros
472 385 508 426 ac
530 385 657 446 maguus
678 363 781 428 baberi
797 363 961 446 Agricola:
984 366 1101 451 quippe

96 452 146 515 cui
162 450 336 534 ingredienti
361 450 661 538 provinciamqnod
685 466 804 535 tempus
826 453 874 514 alii
899 473 952 534 per
969 469 1103 517 ostenta·

97 539 222 615 tionem,
239 553 289 602 aut
312 538 478 600 officiorum
500 537 656 614 ambitum,
678 539 855 620 transigunt,
870 538 954 600 labor
969 554 1000 601 et
1020 540 1102 624 peri-

99 626 201 688 culum
227 625 399 708 placuisset.
445 623 515 688 Nec
539 625 693 706 Agricola,
718 626 910 708 prosperitate
940 647 1039 688 rerum
1071 626 1102 688 in

100 713 262 774 vanitatem
280 732 360 787 usus,
377 711 604 796 expeditionem
620 728 670 776 aut
685 711 839 774 victoriam
857 711 993 789 vocabat,
1004 713 1103 776 victos

100 799 299 862 continuisse:
323 819 362 859 ne
375 798 516 860 laureatis
529 799 650 884 quidem
667 809 945 880 gesta'prosecutus
957 813 1001 862 est
1015 821 1022 862 :
1046 798 1101 862 sed

100 884 165 966 ipsit
182 884 416 960 dissimulatione
433 883 518 946 same
532 887 640 948 lamam
653 885 748 963 auxit,
758 885 982 962 estimantibus,
992 883 1104 970 quantit

101 970 190 1034 luturi
206 992 260 1054 spe
276 985 337 1034 tam
355 993 462 1054 magna
479 972 632 1035 tacuisset.
831 1045 837 1056 ι

145 1057 237 1120 ΧΙΧ.
262 1057 410 1120 Ceterum
434 1059 600 1120 animorum
618 1059 777 1142 provincie
794 1057 936 1144 prudens,
952 1059 1102 1144 simulque

101 1145 208 1208 doctus
225 1165 277 1227 per
293 1145 389 1206 aliena
412 1141 631 1228 experimenta,
655 1167 760 1229 parurn
783 1145 886 1229 profici
902 1146 1002 1223 armis,
1018 1146 1042 1208 si
1058 1147 1103 1208 in·

96 1230 180 1316 jnriae
203 1246 409 1314 sequerentur,
429 1253 535 1294 causas
560 1233 707 1295 bellorum
738 1233 841 1296 statuit
872 1232 1027 1294 excidere.
1073 1232 1100 1295 A

101 1338 134 1380 se
165 1317 285 1401 suisque
311 1339 408 1393 orsus,
431 1319 555 1404 primam
583 1319 706 1381 domum
731 1340 816 1380 suam
846 1319 997 1395 coercuit3
1021 1317 1102 1402 quod

101 1405 251 1490 plerisque
270 1405 347 1466 baud
365 1405 598 1468 nrinirsarduum
615 1421 660 1468 est
676 1405 765 1490 quam
784 1405 966 1487 provinciam
984 1425 1103 1486 regere.

102 1492 292 1572 Agerenihit
310 1513 363 1575 per
378 1492 499 1554 libertos
515 1513 676 1576 servosque
693 1491 819 1574 publicae
835 1492 899 1553 rei:
922 1513 982 1552 non
998 1491 1104 1554 studiis

101 1579 235 1660 privatis,
252 1599 308 1640 nec
324 1599 364 1640 ex
377 1579 651 1655 commendatione,
668 1593 717 1642 aur
730 1578 868 1661 precibus
881 1576 1103 1640 Centuriouum

66 1725 73 1753 ,
101 1650 336 1741 milites'accir'e,
352 1665 405 1726 sed
421 1653 566 1748 optimdm
584 1686 735 1750 quemque
754 1651 959 1728 fidelissinsum
976 1677 1102 1747 putare:

102 1737 202 1814 onmia
229 1753 317 1827 scire,
340 1773 398 1814 non
421 1753 521 1814 omnia
544 1752 673 1835 exequi:
699 1752 797 1836 parvis
819 1751 952 1834 pcccatis
973 1751 1104 1828 veniam,

102 1837 219 1918 magnis
242 1815 433 1900 severitltem
455 1838 671 1900 commodare:
694 1859 752 1900 uec
780 1835 872 1921 poend
894 1858 1027 1920 semper,
1049 1836 1105 1899 sed

103 1923 210 2007 saepius
239 1923 417 2006 poenitentid
442 1939 603 1987 contentus
624 1945 712 1988 esse:
736 1925 841 1986 officiis
864 1939 895 1986 et
917 1923 1105 1987 administra·

104 2010 232 2075 tionibus
248 2012 346 2094 potius
369 2032 428 2072 nou
448 2025 627 2094 peccaturos
644 2027 829 2096 preponere,
844 2009 935 2094 quiam
951 2009 1105 2086 damnare,

104 2099 173 2161 cirnr
205 2096 396 2182 peccdssent.
425 2094 610 2170 (Frumenti
641 2113 672 2160 ct
707 2099 882 2160 tributorum
914 2097 1104 2166 erectionem

104 2185 273 2270 equalitate
289 2206 446 2249 munerum
467 2185 594 2261 mollire,
609 2171 804 2261 circumcisis,
821 2205 897 2268 que,
913 2183 942 2246 in
958 2196 1104 2267 questum

102 2263 232 2357 reperta,
249 2273 315 2355 ipso
324 2273 435 2336 tributo
445 2272 562 2350 gravius
574 2271 777 2334 tolerabantur
791 2293 797 2333 :
823 2291 953 2354 namque
967 2291 1020 2354 per
1028 2269 1106 2332 ludi-

103 2359 200 2422 brium
217 2359 348 2421 assidere
363 2358 472 2420 clausis
496 2359 620 2434 horreis,
636 2373 667 2420 et
682 2378 784 2420 emere
800 2355 880 2420 ultro
894 2355 1054 2434 frumenta,
1069 2376 1106 2419 ac

12 2409 252 2541 {Quernas
262 2446 356 2527 pretio
378 2427 579 2524 cogebmrtur:
604 2432 740 2506 devllrtia
763 2445 901 2506 itinerum
929 2456 960 2505 et
989 2442 1106 2523 longin-

104 2532 200 2615 quitas
211 2531 365 2612 regionum
379 2531 573 2608 indicebatur,
586 2545 618 2592 ut
629 2531 765 2592 civitates
777 2551 793 2592 a
807 2530 951 2612 proximis
961 2529 1106 2612 hybernis

104 2618 133 2680 in
149 2632 265 2679 remota
280 2631 310 2678 et
327 2617 392 2678 avia
409 2615 562 2694 relerrenr,
575 2616 683 2696 donec,
696 2618 775 2702 qnod
787 2617 924 2680 omnibus
941 2616 969 2678 in
987 2629 1105 2701 promtu
1114 2661 1145 2691 „
1244 2689 1245 2692 Ἴ

105 2719 177 2779 erst,
195 2703 298 2783 paucis
313 2703 463 2766 lucrosum
479 2703 590 2775 fieretd
788 2771 793 2779 ,
1100 2707 1109 2760 .“

73 2809 110 2832 -”’
148 2787 224 2853 XX.
250 2787 326 2852 Haec
350 2791 446 2874 primo
468 2793 567 2854 statim
591 2813 671 2854 anno
695 2770 943 2873 comprimendo„
954 2789 1106 2873 egregiam

76 2872 80 2889 l

104 2875 215 2942 samam
239 2878 304 2961 paci
327 2863 543 2954 cirouffirlddit;
567 2901 632 2962 quae
660 2878 708 2941 vel
729 2875 853 2952 incuriai,
877 2868 1106 2968 velxlblerantid

105 2965 247 3050 priorum,
266 2965 345 3028 baud
369 2964 465 3026 minbs
488 2965 577 3049 quam
599 2964 712 3026 bellum
740 2949 910 3026 timebatdr.
957 2961 1033 3038 Sed,
1055 2955 1128 3024 nbil

105 3069 189 3118 estas
206 3052 337 3128 advenit,
356 3066 510 3114 contracto
533 3037 681 3127 exercitii,
706 3051 832 3114 militum
855 3049 883 3112 in
908 3049 1027 3130 agmine
1043 3049 1108 3112 lau·

106 3141 176 3204 dare
200 3139 390 3221 modestiam,
408 3137 547 3222 disjectos
570 3159 732 3200 coercere:
757 3137 823 3199 loca
846 3137 950 3200 castris
973 3135 1039 3218 ipse
1055 3155 1107 3198 ca-

106 3249 196 3312 pere:
222 3227 355 3288 aestuaria
371 3247 407 3287 ac
423 3226 522 3308 sylvas
545 3226 610 3308 ipse
626 3239 820 3310 praetentare:
845 3238 875 3285 et
892 3223 964 3286 nihil
987 3222 1107 3284 interim

107 3314 187 3398 apud
213 3313 313 3375 hostes
337 3313 471 3396 quietum
500 3313 569 3394 pati,
592 3311 651 3395 qud
676 3310 773 3372 rninbs
799 3310 903 3374 subitis
930 3310 1108 3373 excursibus

50 3385 320 3484 &popularetum
344 3414 444 3482 atque,
473 3399 521 3460 nbi
549 3397 619 3462 satis
644 3412 800 3473 terruerat,
829 3383 980 3480 parceddo
1007 3417 1107 3460 rursus

106 3487 288 3549 irritamenta
304 3486 385 3568 pacis
394 3500 559 3547 ‘ostentare
599 3485 726 3570 ¹Quibus
738 3485 826 3548 rebus
841 3484 941 3546 multe
957 3482 1107 3559 civitates,

107 3573 215 3656 quein
233 3572 315 3633 illum
332 3572 411 3632 diem
436 3593 475 3632 ex
499 3594 584 3654 aeqrro
601 3587 734 3654 egerant,
751 3571 827 3634 datis
850 3569 1014 3644 obsidibus,
1030 3569 1105 3631 iram

105 3657 244 3743 posuere,
261 3672 292 3719 et
307 3658 448 3741 praesidiis
471 3659 662 3744 castellisque
678 3658 879 3737 circumdate,
891 3655 976 3720 tanta
990 3655 1108 3719 ratione
