2508 4254
122 169 185 232 loo
427 165 465 229 C.
482 165 590 230 Corin.
607 164 734 230 Tscrrr
913 165 968 248 [A.
985 164 1028 229 U.
1044 165 1121 230 822.

116 351 187 395 nem
203 329 354 413 accipere,
370 345 421 392 aut
437 329 636 414 expugnare,'
650 329 831 413 deposcunt.
877 325 954 392 Haec
966 329 994 392 in
1012 329 1123 407 medio,
1216 298 1218 380 i

118 418 245 504 pulchra
260 417 353 481 dictu.
400 415 454 478 llla
481 417 535 479 sibi
561 416 699 500 quisque,
724 415 839 479 ‘Posse
863 416 1011 478 coloniam
1035 417 1124 500 plano

119 504 205 570 sitem
229 505 342 586 impetu
358 503 438 586 capi.
484 501 571 564 Idem
587 503 717 564 audeciae
735 523 788 586 per
803 502 943 565 tenebras
958 503 1125 586 irrumpen-

119 591 209 666 tibus,
226 607 256 654 et
272 589 416 674 majorem
433 589 753 672 rapiendi-licentiam:
778 587 859 672 qubd
875 589 904 650 si
915 588 1014 650 lucem
1030 609 1125 674 oppe-

120 677 243 751 riantur,
256 675 321 761 jam
336 695 455 760 pacem,
473 674 536 760 jam
555 695 672 758 preces,
695 691 735 752 et,
756 695 811 758 pro
827 674 928 737 labore
944 696 980 737 ac
996 674 1126 738 vulneri-

121 763 188 839 bus,
203 763 396 825 clementiam
412 775 443 823 et
458 761 593 837 gloriam,
610 761 718 837 inania,
734 761 864 824 laturos:
886 760 941 823 sed
956 781 1030 844 opes
1046 759 1125 824 Cre-

113 849 309 912 monensium
326 848 354 909 in
371 848 436 909 sinu
449 845 663 910 Praeseetorum
680 846 925 931 Legatorumque
938 846 1012 910 sore.
1057 846 1126 910 Ex·

120 949 258 1020 pugnate
274 933 355 996 urbis
370 933 500 1017 predam
517 933 554 994 ad
572 933 707 1010 militem,
724 933 834 996 deditas
855 933 893 996 ad
917 932 1034 1010 Duces,
1057 955 1126 1018 per·

119 1019 238 1086 tinere!
285 1019 474 1104 Spernumur
489 1018 691 1082 Centuriones
706 1018 906 1104 Tribunique,
929 1039 975 1097 ac,
1002 1041 1041 1082 ne
1064 1041 1126 1083 rox

122 1106 300 1256 pujusquam
316 1106 463 1184 audiatur,
486 1106 623 1190 quatiunt
649 1126 741 1183 arma,
767 1106 883 1191 rupturi
903 1105 1073 1191 imperium,
1095 1107 1126 1170 si

145 1207 280 1258 tucantur.
664 1237 674 1258 ,

165 1277 245 1342 XX.
267 1278 351 1343 Tum
368 1279 526 1357 Antonius,
553 1280 687 1344 inserens
701 1299 735 1342 se
750 1279 919 1364 manipulis,
935 1279 985 1342 ubi
1001 1292 1125 1364 aspectu

119 1379 152 1430 et
179 1367 358 1430 auctoritate
383 1367 533 1430 silentium
557 1365 689 1429 leceratr
711 1363 803 1428 ‘Non
831 1387 864 1429 se
891 1366 997 1443 decus,
1024 1387 1124 1451 neque
1231 1408 1232 1418 a

121 1452 251 1537 pretium
267 1453 384 1536 eripere
400 1467 464 1515 tam
478 1452 558 1514 bene
573 1451 709 1529 meritis,'
732 1453 918 1530 affirmabat3
941 1453 1014 1515 ‘sed
1030 1453 1126 1516 divise

121 1539 200 1603 inter
215 1540 382 1602 exercitum
395 1538 561 1622 Ducesque
573 1541 695 1601 munia:
716 1539 855 1602 militibus
866 1539 1038 1622 cupidinem
1050 1559 1126 1622 pug-

121 1625 212 1688 nandi
237 1626 420 1702 convenire;
452 1624 557 1688 Duces
581 1624 778 1708 providendo,
802 1625 1010 1701 consultando,
1033 1645 1127 1688 cunc·

122 1711 236 1775 tatione
251 1711 370 1794 saepius,
393 1711 483 1796 quim
510 1712 689 1788 temeritate,
717 1710 872 1795 prodesse.
918 1709 963 1773 Ut
979 1732 1035 1794 pro
1051 1709 1127 1774 virili

121 1798 273 1882 portione,
289 1798 378 1860 armis
393 1817 429 1860 ac
443 1817 545 1873 mauu,
562 1797 716 1859 victoriam
728 1796 851 1880 juverit,
874 1797 989 1859 mtione
1009 1811 1039 1860 et
1054 1817 1128 1859 con·

122 1883 199 1959 silio,
215 1883 340 1967 propriis
355 1882 453 1946 Ducis
465 1884 586 1960 artibus,
603 1881 800 1966 profuturum.
840 1881 951 1967 Neque
967 1882 1048 1945 enirn
1064 1903 1129 1946 am·
1237 1885 1238 1890 ’

122 1968 213 2050 bigua
229 1989 307 2045 esse,
328 1990 393 2052 quae
416 1985 595 2033 occurrantr
617 1985 736 2032 noctem
753 1984 783 2032 et
799 1969 907 2050 ignote
921 1969 1011 2031 situm
1034 1969 1129 2048 urbis,

121 2054 201 2118 intus
217 2054 318 2118 hostes
334 2068 365 2116 et
379 2067 490 2118 cuncta
505 2055 616 2117 insidiis
641 2069 831 2139 opportuna:
856 2076 928 2132 non,
954 2055 978 2118 si
1005 2068 1129 2138 pateant

123 2156 228 2225 porte,
244 2141 299 2204 nisi
315 2139 483 2224 explorati),
499 2141 553 2204 nisi
568 2141 629 2218 die,
645 2142 825 2204 intrandum.
863 2141 913 2204 Au
929 2141 1130 2224 oppugnatio·

122 2247 194 2290 uem
210 2227 411 2303 inchoaturos,
423 2228 545 2290 ademto
557 2227 637 2290 omni
654 2243 825 2312 prospectu,
838 2227 904 2312 quis
915 2247 1017 2312 aequus
1032 2228 1129 2306 locus,

125 2327 238 2398 quante
253 2313 378 2376 altitudo
393 2315 559 2377 incenium?
581 2315 775 2377 tormentisne
790 2329 820 2378 et
835 2313 912 2391 telis,
933 2335 970 2376 an
986 2313 1130 2397 operibus

124 2413 157 2463 et
172 2399 277 2475 vineis,
289 2399 491 2483 aggredienda
508 2401 577 2462 urbs
594 2398 669 2463 soret
679 2400 702 2463 l'
743 2399 820 2464 Mox
836 2421 1001 2463 conversus
1015 2399 1052 2462 ad
1068 2399 1130 2463 sin-

124 2485 221 2570 gulos,
238 2491 329 2548 ‘num
344 2507 476 2562 secures,
489 2485 687 2571 dolabrasque
699 2501 730 2551 et
740 2503 841 2550 cetera
853 2486 1064 2571 expugnandis
1079 2507 1130 2550 ur·

124 2572 222 2647 bibus,
239 2593 342 2635 secum
359 2573 528 2636 attulissent
537 2573 560 2635 i’
584 2573 741 2656 rogitabat.
788 2572 852 2650 Et,
864 2573 933 2636 oiim
950 2573 1128 2648 abnuerent,

125 2657 311 2740 ‘gladiisne,'
328 2659 434 2744 inquit,
458 2666 508 2724 ‘et
524 2661 590 2742 pilis
614 2658 798 2744 perfringere
814 2681 850 2722 eo
865 2659 1011 2723 subruere
1027 2679 1131 2723 muros

124 2745 192 2808 ulle
209 2765 315 2807 manus
331 2748 477 2829 possunt?
524 2746 556 2809 Si
573 2767 715 2828 aggerem
731 2761 856 2824 struere,
880 2747 905 2809 si
920 2747 1027 2830 pluteis
1042 2745 1131 2810 crati·

124 2831 220 2894 busre
238 2833 353 2914 protegi
370 2853 496 2897 necesse
512 2832 612 2910 suerit,
639 2847 672 2896 ut
686 2832 793 2915 vulgus
818 2825 1031 2917 improvidum,
1057 2831 1131 2896 irriti

125 2918 281 2996 stabimus,
297 2919 483 2982 altitudinem
500 2920 634 2995 turrium,
658 2931 689 2982 et
705 2919 802 2982 aliena
818 2919 1004 2984 munimenta
1020 2919 1131 2982 miran-

125 3007 193 3068 tes?
225 3004 309 3080 Quin
325 3005 424 3090 potius
435 3003 518 3069 moria
534 3006 629 3070 noctis
644 3006 742 3082 unius,
755 3005 888 3070 advectis
899 3006 1055 3069 tormentis
1066 3025 1132 3068 me-

126 3091 294 3176 chinisquc,
320 3093 380 3154 rim
406 3092 621 3176 victoriamque
647 3093 803 3154 nobiscum
827 3090 984 3155 serimusl'
1031 3091 1130 3156 Simul

125 3177 202 3240 lixas
225 3178 420 3261 calonesque,
444 3199 515 3240 curn
541 3178 753 3242 recentissimis
775 3179 923 3264 equitum,
946 3177 1132 3242 Bedriacum

126 3263 224 3336 mittit,
240 3263 354 3346 copias,
369 3279 531 3347 ceteraque
547 3265 612 3327 usui
628 3265 780 3329 allaturos.
848 3309 850 3312 -

169 3347 265 3412 XXl.
288 3347 323 3411 ld
341 3348 413 3412 verb
438 3349 515 3432 egre
531 3351 677 3416 tolerante
701 3351 805 3428 milite,
832 3371 929 3436 prope
951 3351 1131 3414 seditionem

125 3435 345 3512 ventum,ci1m
370 3436 517 3520 progressi
542 3437 660 3522 equites
675 3438 731 3500 sub
747 3439 811 3521 ipse
828 3438 950 3516 moenia,
974 3459 1067 3520 vagos
1089 3459 1131 3502 ex

125 3520 383 3585 Cremonensibus
399 3522 583 3606 corripiunt:
608 3545 734 3608 quorum
750 3524 861 3587 indicio
876 3524 1029 3587 noscitur:
1054 3529 1132 3586 ‘sex

126 3603 304 3669 Vitellianas
334 3607 468 3688 legiones
495 3631 679 3694 omnemque
706 3611 887 3688 exereitum,
914 3611 965 3695 qui
992 3609 1130 3674 Hostiliae

116 3705 238 3775 egerat,
254 3712 293 3755 eo
308 3691 373 3776 ipso
388 3693 437 3757 die
453 3695 571 3778 triginta
588 3696 680 3758 millia
696 3717 838 3780 passuum
854 3717 1023 3774 emensum,
1045 3717 1131 3761 com-
