2508 4254
122 198 165 264 A.
178 196 220 264 C.
232 199 301 282 69.]
418 195 838 264 Hauontrrffrsnus.
975 133 988 154 Ι
1063 202 1126 264 109

168 359 243 428 XL.
265 359 380 428 Fabius
402 361 521 426 interim
535 359 660 438 Valens,
677 361 823 426 multone
846 360 927 425 molli
943 351 1126 428 concubine·

123 471 193 514 rum
218 449 448 535 spadonumque
470 449 600 530 agmine,
624 447 746 530 segnius
769 447 858 532 qubm
882 447 919 512 ad
944 449 1056 513 bellum
1080 451 1126 514 in·

12 561 14 572 ·
123 536 250 612 cedens,
267 536 437 622 ‘proditam
453 557 471 599 a
486 533 606 600 Lucilio
622 535 721 599 Basso
743 534 957 600 Ravennatem
974 537 1125 614 classem,’

122 623 296 708 pernicibus
310 621 421 688 nuntiis
435 624 561 709 aceepit.
607 621 660 700 Et,
670 622 693 686 si
705 639 840 706 ooeptum
856 622 912 686 iter
925 622 1125 707 properisset‚

123 723 283 776 nutantem
299 707 455 774 Cecinam
470 709 645 794 prevenire,
661 723 723 786 aut,
747 724 816 773 ante
831 709 991 774 discrimen
1009 732 1126 794 pugne,

122 797 245 882 assequi
271 796 406 879 legiones
429 795 584 881 potuisset.
630 795 700 860 Nec
723 795 859 872 deerant,
884 795 934 880 qui
957 815 1126 877 monerent,

124 889 264 948 ‘uteum
280 881 428 946 fidissimis
450 903 505 966 per
529 881 664 946 occultos
687 882 831 958 tramites,
849 880 941 946 vitatis
963 883 1125 964 Ravennri,

124 967 290 1034 Hostiliam
302 967 528 1034 Cremonamve
539 967 700 1052 pergeret?
745 969 822 1032 Aliis
839 967 989 1052 placebat,
1002 978 1011 1008 ‘
1024 972 1127 1037 accitis

124 1077 166 1120 ex
193 1057 269 1120 urbe
291 1055 441 1120 Pretoriis
462 1055 636 1120 cohortibus
660 1053 761 1118 validi
791 1076 880 1120 manu
906 1059 1125 1143 perrumpere.²

124 1141 209 1227 Ipse,
225 1143 320 1207 inutili
342 1142 547 1220 cunctatione,
563 1141 671 1226 agendi
688 1157 825 1226 ternpore
839 1143 1039 1208 consultando
1054 1167 1127 1210 con·

123 1229 249 1294 sumsit:
273 1250 346 1294 mox
369 1244 528 1314 utrumque
551 1229 709 1293 eonsilium
735 1244 920 1314 aspernatus,
949 1232 1028 1315 quod
1052 1233 1127 1298 iuter

124 1316 264 1402 ancipitia
279 1316 473 1380 deterrimum
497 1330 554 1394 eet,
575 1316 648 1380 dum
671 1315 770 1379 media
792 1316 937 1402 sequitur,
960 1339 1017 1382 neo
1036 1341 1127 1386 ausus

124 1417 172 1467 est
186 1399 269 1481 satis,
285 1424 342 1467 neo
358 1402 498 1487 providit.

171 1487 262 1552 XLI.
286 1488 388 1554 Missis
417 1489 456 1552 ad
485 1487 642 1554 Vrtellium
672 1488 776 1566 literis,
806 1489 951 1553 auxilium
984 1494 1125 1574 postulat.

124 1573 248 1639 Venere
264 1590 323 1640 tres
337 1576 478 1640 cohortes
499 1597 569 1639 cunr
593 1575 643 1638 alai
667 1575 863 1639 Britannici:
888 1597 987 1660 neque
1012 1579 1048 1640 ad
1073 1579 1127 1644 sal·

124 1662 249 1726 lendum
277 1677 365 1748 aptus
395 1683 549 1742 numerus,
580 1683 680 1747 oeque
709 1661 752 1724 ad
786 1663 1017 1746 penetrandum.
1063 1666 1125 1730 Sed

123 1747 239 1814 Valens
255 1772 293 1814 ne
309 1751 339 1813 in
355 1764 440 1814 tanto
459 1749 581 1835 quidem
604 1748 775 1812 discrimine
798 1747 923 1812 inlamib
943 1751 1049 1828 carnit,
1066 1753 1126 1839 qud

124 1836 224 1900 mimis
244 1858 349 1920 rapere
375 1837 493 1901 illicitas
510 1835 691 1920 voluptates,
718 1835 933 1920 adulteriisque
955 1858 991 1900 ac
1015 1841 1124 1924 stupris

124 1924 260 2008 polluere
282 1923 434 2008 bospitum
458 1924 577 1999 domus,
600 1922 796 1986 crederetur:
818 1923 942 1988 aderant
960 1925 1003 1989 vis
1026 1943 1054 1992 et
1072 1949 1125 2011 pe·

122 2011 212 2074 cunia
224 2027 253 2076 et
265 2011 375 2075 ruentis
387 2009 511 2074 fortune
524 2009 684 2074 novissima
694 2009 797 2072 libido.
843 2006 987 2076 Adventu
1000 2012 1122 2078 demum

123 2097 259 2183 pediturn
276 2098 472 2183 equitumque
496 2097 627 2180 pravitas
648 2096 763 2160 consilii
788 2098 893 2180 patuit,
910 2099 979 2184 quia
995 2122 1052 2165 nee
1073 2124 1125 2166 va·

123 2185 196 2248 dere
212 2207 266 2269 per
282 2185 384 2249 hostes
399 2199 461 2248 tam
478 2182 571 2268 perusi
585 2205 676 2247 manu
695 2198 822 2268 poterat,
838 2185 928 2248 etiam
944 2187 968 2250 si
983 2187 1124 2252 fidissime

124 2268 211 2348 soret,
239 2293 295 2334 nec
321 2271 468 2354 integram
492 2270 583 2334 fidem
613 2271 785 2334 attulerant.
832 2269 937 2336 Pudor
960 2287 1061 2336 tamen
1092 2292 1124 2340 et

124 2359 278 2442 presentis
295 2357 392 2422 Ducis
410 2358 581 2421 reverentia
599 2359 780 2432 morabatur,
803 2357 883 2422 baud
905 2359 1044 2423 diuturna
1061 2362 1125 2424 vin-

122 2445 191 2508 cula
207 2444 285 2530 apud
310 2444 414 2508 avidos
437 2444 637 2529 periculorum
663 2459 694 2508 et
716 2445 874 2508 dedecoris
896 2467 1028 2511 seeums.
1075 2447 1124 2512 Eo

122 2546 218 2608 metu,
244 2532 383 2596 cobortes
411 2531 581 2595 Ariminum
611 2531 770 2615 premittit,
800 2532 878 2596 elem
903 2535 1000 2598 ‘tueri
1030 2537 1123 2619 terga’

118 2618 225 2705 jubet:
251 2619 324 2703 ipse,
337 2619 456 2703 paucis,
460 2639 548 2768 1quos
568 2618 694 2682 adversa
720 2639 780 2682 non
807 2634 1008 2697 mutaverant,
1030 2623 1125 2686 comi-

123 2705 266 2783 tantibus,
293 2705 378 2769 flexit
404 2706 433 2768 in
493 2705 629 2780 mbriam,
656 2713 747 2790 at'que
771 2705 842 2768 inde
868 2705 1037 2772 Etruriam:
1063 2711 1123 2785 ubi,

25 2811 28 2816 ·
122 2793 246 2876 cognito
269 2814 375 2876 pugne
398 2790 614 2877 Cremonensis
637 2808 759 2868 eventu,
783 2811 841 2855 non
866 2793 1020 2875 ignavum,
1043 2812 1083 2874 et,
1100 2799 1123 2860 si

123 2879 322 2965 prouenisset,
338 2893 424 2942 atrox
446 2879 603 2942 consilium
627 2879 699 2955 iniit,
723 2894 764 2954 ut,
788 2880 912 2963 arreptis
933 2881 1070 2958 navibus,
1094 2885 1123 2948 in

123 2987 346 3052 quamcumque
362 2979 478 3049 partem
491 2963 697 3028 Narbonensis
714 2965 872 3047 provincie
888 2987 1036 3047 egressus,
1050 2969 1124 3034 Gel-

123 3054 179 3154 lias
205 3067 237 3116 et
262 3053 414 3116 exercitus
440 3067 471 3116 et
492 3051 664 3115 Germaniae
691 3066 797 3133 gentes
820 3073 995 3136 novumque
1011 3054 1121 3120 bellurn

172 3155 229 3202 ret.

122 3161 274 3290 meXLII.
298 3224 444 3308 Digresso
462 3223 605 3302 Valente,
628 3224 770 3308 trepidos,
787 3225 837 3310 qui
853 3225 1021 3290 Ariminum
1038 3177 1132 3293 tene·⁸

10 3327 12 3330 '
122 3314 205 3390 bant,
233 3311 395 3378 Cornelius
421 3311 551 3388 Fuscus,
581 3311 705 3376 admeto
727 3313 876 3390 exercitu,
898 3327 929 3376 et
950 3314 1046 3378 missis
1070 3339 1124 3400 per

123 3400 262 3485 proxima
284 3399 415 3466 littorum
440 3397 621 3475 Liburnicis,
648 3397 728 3462 teuit
753 3401 888 3485 marique
914 3400 1121 3469 circumvenit.

123 3486 324 3570 Occupantur
353 3486 442 3570 plana
472 3484 606 3550 Umbrie
629 3500 660 3548 et
690 3483 751 3571 qui
774 3482 906 3552 Picenus
929 3509 1001 3569 ager
1026 3490 1124 3556 Adria

123 3573 262 3637 alluitur:
285 3574 443 3660 omnisque
458 3571 556 3650 ltalia,
572 3573 647 3635 inter
660 3571 883 3655 Vespasianum
906 3595 942 3638 ac
959 3573 1122 3656 Vitellium,

123 3661 277 3743 Apennini
287 3659 370 3747 jugis
386 3660 585 3724 dividebatur.
631 3657 745 3723 Fabius
755 3657 880 3738 Valens,
893 3682 910 3724 e
922 3663 987 3724 sinu
1000 3659 1123 3743 Pisano,

124 3746 240 3814 servitii
254 3748 354 3828 meris,
370 3762 421 3812 tut
436 3748 732 3897 aduersantelpentm
748 3745 874 3814 Portum
896 3746 1037 3814 Herculis
1054 3748 1124 3816 Mo-
