2514 4318
111 197 175 260 206
438 192 478 258 C.
502 193 609 258 Cous.
632 157 782 258 Ticinus

112 361 212 426 adhuc
228 357 370 422 Herculis
385 359 540 422 columnas
558 357 635 422 sama
653 359 805 441 vulgavit:
829 359 893 424 sive
909 358 980 422 adiit
991 356 1126 422 Hercu·

110 449 166 524 ise,
182 469 246 524 seu,
263 447 404 532 quicquid
422 447 532 531 ubique
548 447 739 528 magnificum
750 459 807 522 est,
819 446 847 507 in
864 447 1030 510 claritatem
1048 445 1124 530 ejus

110 535 221 599 reserre
251 534 468 596 consensimus.
515 531 583 595 Nec
610 531 704 595 desuit
734 533 875 596 audentia
905 532 1009 596 Druso
1032 531 1123 595 Ger-

109 624 246 686 manico:
270 620 325 682 sed
340 619 453 682 obstitit
468 618 612 682 Oceanus
627 621 656 682 in
672 639 705 682 se
721 619 808 682 simul
825 634 916 704 atque
938 621 967 682 in
992 619 1122 683 Hercu-

112 709 173 774 lem
198 707 315 791 inquiri.
360 705 437 770 Mox
464 727 555 768 nemo
578 707 725 768 tentavit:
751 707 943 790 sanctiusque
967 727 1003 769 ac
1026 727 1122 769 reve·

111 796 226 858 rentius
244 794 350 868 visum,
367 793 405 854 de
421 794 495 856 actis
511 792 647 856 Deorum
664 793 800 869 credere,
817 793 907 876 quarn
923 793 1010 856 scire.

154 877 300 944 XXXV.
325 878 483 942 Hactenus
498 880 527 942 in
540 878 740 944 Occidentem
752 879 946 942 Germaniam
963 879 1120 943 novimus.

110 968 145 1036 Ia
174 967 420 1049 Septentrionem
443 967 554 1049 ingenti
579 965 661 1028 flexu
685 965 773 1029 redit.
811 967 866 1030 ,Αο
894 966 989 1050 primb
1012 967 1120 1030 statim

111 1053 307 1118 Chsiicorunr
324 1074 408 1135 gens,
433 1075 603 1136 quanquam
627 1053 749 1136 incipiat
772 1073 789 1115 a
806 1051 920 1130 Frisiis,
936 1075 972 1116 ac
990 1059 1119 1136 'partem

109 1141 215 1208 littoris
231 1156 372 1223 occupet,
388 1140 533 1215 omnium,
557 1161 631 1224 quas
654 1139 793 1222 exposui,
814 1141 947 1221 gentium
970 1139 1120 1204 lateribus

74 1305 76 1310 ,
109 1227 292 1303 obtenditur,
319 1227 417 1288 donec
440 1229 468 1288 in
496 1225 605 1290 Cattos
629 1247 724 1310 usque
754 1227 899 1290 sinuetur.
945 1225 1033 1329 Tapt
1056 1228 1119 1290 im-

110 1335 249 1378 mensum
265 1327 409 1376 terrarum
426 1305 637 1398 spatiunffaon
660 1326 763 1376 tenent
779 1311 894 1376 t'at'ttirm
911 1311 1041 1392 Chairc'q
1057 1313 1118 1378 sed

110 1415 142 1464 et
157 1400 300 1483 implent:
327 1400 456 1484 populus
480 1399 556 1462 inter
582 1398 752 1462 Germanos
775 1400 983 1477 nobilissimus,
1001 1401 1119 1486 quique

110 1487 348 1570 magnitudinem
372 1508 456 1551 suam
489 1486 571 1550 malit
589 1485 705 1571 justitid
720 1487 816 1550 tueri:
840 1486 904 1549 sine
933 1489 1117 1570 cupiditate,

108 1576 172 1640 sine
196 1571 384 1657 impotentiit,
408 1573 499 1657 quieti
524 1574 704 1657 secretique,
728 1573 809 1637 nulia
832 1589 998 1658 provocant
1020 1574 1117 1652 bella,

108 1661 198 1724 nuliis
224 1661 357 1745 raptibus
384 1675 435 1723 aut
458 1659 617 1723 latrociniis
646 1659 837 1744 populantur.
882 1658 978 1745 ldque
1003 1661 1116 1744 praeci-

109 1769 204 1832 puum
223 1748 338 1810 virtutis
360 1768 396 1810 ac
413 1747 517 1810 virium
542 1761 753 1828 argumentum
776 1760 831 1823 est,
850 1745 942 1832 qubd,
966 1761 999 1809 ut
1020 1768 1117 1832 supe-

110 1835 204 1900 riores
220 1847 319 1914 agant,
336 1854 395 1896 non
413 1854 467 1916 per
482 1832 601 1918 injurias
617 1847 826 1919 assequuntur.
871 1831 995 1897 Promta
1011 1850 1116 1897 tamen

108 1919 246 1984 omnibus
262 1940 355 1994 arma,
370 1940 418 1996 sc,
433 1920 457 1982 si
470 1940 517 1982 res
535 1933 649 2003 poscat,
662 1919 836 1997 exercitus3
879 1919 1021 1984 iurimum
1033 1921 1116 1985 viro-

107 2028 174 2070 rum
190 2015 335 2090 equorum
360 2025 417 2068 ue:
440 2021 470 2069 et
486 2006 710 2090 quiescentibus
725 2005 832 2070 eadem
849 1941 940 2070 iimo.

152 2087 318 2156 XXXVI.
339 2026 377 2154 in
393 2091 486 2154 latere
509 2090 705 2156 Chaucorum
722 2092 942 2178 Cattorumque
958 2092 1114 2158 Cherusci

106 2181 230 2245 nimiam
260 2199 297 2241 ac
324 2193 510 2242 marcentem
534 2177 584 2242 diu
612 2200 719 2263 pacem
743 2179 894 2244 illaeessiti
924 2181 1114 2244 nutrierunt:

106 2268 199 2353 idque
210 2265 385 2352 jucundius,
401 2264 492 2349 quim
515 2265 617 2342 tutius,
636 2261 712 2329 mit:
736 2267 806 2351 quia
829 2266 906 2328 inter
928 2267 1114 2350 impotentes

107 2366 138 2419 et
153 2353 267 2417 validos
293 2350 368 2416 salsb
394 2353 553 2436 quiescas3
576 2352 627 2414 ubi
651 2373 741 2415 manu
768 2353 874 2434 agitur,
900 2353 1048 2416 modestia
1073 2374 1112 2418 ac

106 2441 240 2526 probitas
256 2439 377 2502 nomina
391 2439 551 2522 superioris
566 2452 647 2501 sunt.
692 2437 749 2516 Ita,
766 2439 815 2524 qui
825 2439 897 2502 oiim
910 2446 918 2476 ‘
933 2439 1001 2502 boni
1018 2441 1113 2524 aequi-

108 2547 167 2612 que
192 2524 363 2602 Cherusci,'
387 2545 468 2588 nunc
492 2526 619 2588 ‘irenes
643 2545 679 2588 ac
702 2525 794 2589 stutti'
821 2540 985 2590 vocantur:
1010 2525 1111 2592 Cattis

105 2611 269 2676 victoribus
285 2609 402 2673 fortuna
418 2611 447 2672 iu
464 2611 641 2694 sapientiam
657 2613 758 2675 cessit.
803 2609 907 2676 Tracti
923 2611 1009 2676 ruinis
1024 2611 1112 2676 Che-

106 2718 261 2762 ruscorum
286 2713 316 2760 et
331 2695 415 2774 Fosi,
431 2697 616 2761 contermina
640 2719 725 2779 gens,
741 2697 936 2762 adversarum
952 2720 1052 2762 rerum
1068 2720 1111 2763 ex

104 2807 190 2872 equo
205 2784 288 2859 socii,
305 2783 375 2847 crim
392 2785 421 2848 in
433 2785 574 2848 secundis
591 2784 720 2848 minores
737 2783 873 2850 fuissent.

149 2869 327 2936 XXXVII.
352 2869 494 2934 Eundem
519 2871 689 2934 Germaniae
712 2871 810 2934 sinum
829 2871 957 2956 proximi
981 2871 1110 2936 Oceano

106 2959 224 3025 Cimbri
241 2971 356 3035 tenent,
373 2978 466 3041 parva
489 2978 568 3020 nunc
591 2957 707 3035 civitas,
723 2958 776 3020 sed
794 2957 889 3040 glorid
906 2959 1032 3040 ingens3
1055 2979 1109 3020 ve·

106 3049 239 3134 terisque
257 3046 341 3108 same
357 3045 417 3108 lata
435 3045 559 3126 vestigia
582 3059 715 3122 manent,
732 3043 859 3128 utrique
875 3044 941 3129 ripd
956 3060 1053 3108 castra
1072 3066 1109 3108 ac

105 3136 211 3220 spatia,
222 3153 349 3218 quorum
365 3132 478 3194 ambitu
492 3153 571 3194 nunc
584 3153 705 3216 quoque
716 3131 846 3195 metiaris
862 3132 973 3194 molem
989 3153 1108 3195 manus·

105 3242 164 3306 que
180 3222 287 3302 gentis,
304 3232 335 3281 et
359 3231 419 3280 tam
444 3218 543 3301 magni
566 3217 666 3280 exitiis
689 3218 791 3280 fidem.
838 3217 1107 3282 Sexcentesimum

105 3322 136 3370 et
151 3305 412 3390 quadragesimum
430 3326 540 3368 annum
557 3307 626 3367 urbs
642 3318 742 3367 nostra
758 3305 875 3388 agebat,
892 3305 1107 3388 cumprimum

107 3390 301 3456 Cimbrorum
325 3391 426 3454 audita
441 3405 510 3454 sunt
534 3413 626 3468 arma,
642 3390 769 3455 Caeoilio
788 3391 915 3455 Metello
935 3413 971 3455 ac
987 3391 1108 3476 Papirio

107 3477 252 3542 Carbone
265 3477 450 3540 consulibus.
498 3476 549 3542 Ex
570 3499 631 3563 quo
657 3479 681 3541 si
704 3479 741 3541 ad
766 3478 891 3543 alterum
915 3477 1108 3562 Imperatoris

105 3563 228 3648 Trajani
245 3563 443 3627 Consulatum
460 3581 680 3649 computemus,
704 3565 824 3628 ducenti
842 3563 936 3628 ferme
952 3580 983 3626 et
999 3566 1107 3628 decern

105 3651 174 3714 anni
189 3649 379 3733 colliguntur.
424 3649 557 3714 Tamdiu
571 3651 734 3714 Germanis
745 3652 881 3716 vincitur.
927 3649 1107 3716 Mediotam

104 3737 185 3819 longi
201 3737 255 3798 aevi
270 3736 378 3820 spatio,
395 3736 488 3800 multa
509 3737 639 3800 invicem
663 3738 790 3802 damna:
815 3761 876 3804 non
898 3737 1028 3816 Samnis,
1044 3759 1105 3803 nou
