2508 4254
117 223 160 290 Α.
176 224 216 290 C.
234 225 301 308 69.]
410 223 553 288 Hrsroa.
580 221 655 288 Lus.
680 222 844 288 Tartarus.
1056 225 1119 288 1⁰5

117 389 258 455 fortuna:
283 411 331 466 ne,
350 387 506 452 Cremonb
531 408 650 474 quoque
673 387 788 465 excisa,
815 388 897 452 nulla
919 387 996 452 ultra
1020 390 1118 468 venia,

118 479 276 561 omnisque
292 479 333 539 ira
349 477 479 552 victoris,
495 497 555 539 non
571 477 600 538 in
618 475 724 557 vulgus
742 477 838 559 inope,
854 475 906 538 sed
923 476 953 538 in
967 473 1120 539 Tribunos

117 562 393 648 Centurionesque,
406 563 456 625 ubi
472 563 599 644 pretium
609 563 698 624 caedis
710 575 784 638 erat,
795 577 1005 625 reverteretur.
1041 561 1119 626 Gre-

9 675 11 726 ;
117 651 217 733 garius
233 651 328 726 miles,
346 649 435 712 loturi
457 669 558 711 socors
574 665 605 711 et
628 649 812 729 ignobilitate
828 650 929 726 tutior,
947 650 1117 733 perstabat:

9 727 10 768 l
117 737 187 819 vagi
205 757 259 820 per
274 737 347 812 vias,
371 735 399 798 in
425 735 562 798 domibus
586 736 690 813 abditi,
717 755 823 818 pacem
847 753 886 798 ne
909 749 971 798 turn
997 736 1119 820 quidem

116 823 255 898 orabant,
270 823 340 884 edm
356 823 469 885 bellum
493 823 673 902 posuissent.
719 821 872 885 Primores
886 823 1050 885 cestrorirm
1067 845 1121 885 no-

117 930 190 973 men
209 925 299 994 atque
323 910 468 991 imagines
483 905 596 972 Vitellii
618 908 820 971 amoliuntur:
844 923 966 972 catenas
989 907 1120 972 Caecinae

119 995 208 1082 (nam
235 995 325 1058 etiam
351 1010 415 1058 tum
439 995 556 1071 vinctus
579 993 656 1080 erat)
684 995 857 1072 exsolvunt,
880 1009 1037 1080 orantque,
1065 1003 1120 1058 ‘ut

115 1103 216 1146 causae
232 1103 291 1144 suae
307 1081 487 1166 deprecator
501 1081 617 1144 assistat
631 1081 650 1144 :²
666 1097 877 1165 aspernantem
891 1096 1119 1166 tumentemque

115 1169 259 1252 lacrymis
276 1167 399 1250 fatigant
424 1167 609 1254 (extremum
635 1169 796 1252 malorum)
820 1182 864 1231 tot
887 1168 1036 1232 fortissimi
1055 1169 1118 1246 viri,

108 1255 276 1340 proditoris
290 1275 379 1339 opem
396 1255 572 1338 invocantes
585 1275 593 1316 ι
617 1275 689 1318 mox
705 1255 874 1318 velamenta
889 1269 920 1318 et
942 1255 1051 1318 insulas
1066 1277 1121 1338 pro

118 1343 211 1406 muris
226 1356 388 1405 ostentant.
434 1340 516 1402 Ciam
536 1339 685 1404 Antonius
708 1342 854 1404 ‘inhiberi
879 1341 949 1404 tela’
971 1341 1119 1426 jussisset,

116 1429 204 1511 signa
220 1429 394 1513 aquilasque
410 1425 568 1490 extulere:
591 1441 733 1490 moestum
756 1428 914 1490 inermium
931 1449 1050 1515 agmen,
1067 1428 1120 1490 de·

114 1515 207 1601 jectis
228 1515 258 1577 in
281 1530 390 1577 terram
416 1514 521 1590 oeulis,
545 1515 736 1598 sequebatur.
782 1512 1041 1589 Circumstiterant
1057 1515 1120 1577 vic·

112 1615 210 1678 tores,
227 1616 256 1664 et
272 1599 369 1684 primb
384 1599 560 1681 ingerebant
577 1600 694 1683 probra,
710 1600 897 1663 intentabant
912 1600 1009 1662 ictus:
1034 1619 1120 1677 nrox,

107 1701 153 1752 ·ttt
167 1687 291 1771 praeberi
314 1708 366 1750 ora
388 1685 588 1760 contumeliis,
605 1699 646 1762 et,
663 1684 761 1769 positia
775 1687 856 1748 omni
873 1684 993 1762 serocib,
1009 1699 1119 1748 cuncta

118 1773 192 1837 victi
208 1773 407 1856 patiebantur,
423 1773 501 1835 subit
517 1772 693 1848 recordatio,
710 1771 775 1834 illos
785 1793 862 1847 esso,
878 1772 928 1856 qui
944 1793 1041 1854 nuper
1056 1772 1120 1834 Be-

118 1859 212 1922 driaci
228 1861 358 1923 vietoriae
381 1857 613 1942 temperbssent.
659 1857 733 1934 Sed,
756 1857 806 1920 ubi
823 1857 956 1934 Casina,
974 1856 1120 1942 ptaetextb

117 1946 333 2031 lictoribusque
355 1945 488 2027 insignis,
504 1943 619 2006 dimotb
641 1943 737 2020 turbb,
754 1941 871 2007 Consul
885 1945 1016 2021 incessit,
1031 1965 1120 2007 exer·

117 2031 187 2096 sere
197 2033 340 2096 victores:
357 2031 548 2115 ‘superbiam
562 2030 777 2114 saevitiamque’
792 2029 886 2114 (oded
899 2031 994 2093 invisa
1003 2032 1119 2094 scelera

9 2143 11 2150 ¹
118 2117 204 2203 sunt)
229 2120 318 2183 etiam
346 2116 545 2202 ‘perfidiam'
568 2117 771 2202 objectabant.
817 2115 943 2180 Obstitit
957 2118 1119 2194 Antonius,

9 3881 221 4080 l.

118 2204 256 2290 datisque
272 2205 489 2280 defensoribus,
505 2203 543 2266 ad
559 2201 779 2287 Vespasianum
796 2203 917 2266 dimisit.

110 2319 113 2324 ·
165 2289 310 2355 XXXll.
334 2291 427 2354 Plebs
458 2291 576 2354 interim
600 2289 853 2354 Cremonensium
883 2290 961 2353 iuter
989 2304 1118 2354 armatos

110 2377 366 2442 conflictabatur:
391 2399 448 2440 neo
475 2377 579 2460 procul
610 2377 694 2440 caede
724 2377 871 2454 aberant,¹
888 2377 958 2440 crim
980 2377 1121 2460 precib-us

117 2463 242 2528 Ducum
270 2466 421 2549 mitigatus
447 2475 494 2526 est
520 2463 616 2526 miles.
663 2463 705 2526 Et
731 2477 853 2526 vocatos
880 2463 916 2526 ad
940 2463 1119 2526 concionem

119 2551 269 2615 Antonius
288 2552 458 2636 alloquitur,
480 2549 638 2634 magnifice
660 2551 800 2628 victores,
818 2552 913 2614 victos
934 2549 1121 2612 clementer:

119 2637 159 2701 de
175 2636 331 2701 Cremonb
346 2639 375 2700 in
391 2651 542 2700 neutrum.
588 2635 752 2720 Exercitus
777 2651 883 2718 praeter
901 2637 1019 2699 insitam
1044 2657 1119 2719 prae-

119 2723 210 2787 dandi
226 2725 409 2808 cupidinem,
427 2737 529 2788 vetere
546 2723 627 2798 odio,
644 2723 680 2784 ad
697 2723 849 2785 excidium
866 2722 1119 2787 Cremonensium

112 2810 276 2874 incubuit:
295 2809 409 2896 juvisse
426 2823 525 2894 partes
542 2807 731 2886 Vitellianas,
747 2807 879 2872 Othonis
895 2829 1015 2892 quoqne
1027 2808 1119 2886 bello,

117 2896 335 2962 credebantur:
361 2919 434 2960 mox
456 2896 728 2970 tertiadecimanos,
756 2895 792 2958 ad
817 2895 1032 2958 exstruendum
1056 2915 1121 2956 am-

117 2983 323 3070 phitheatrum
335 2985 466 3060 relictos,
476 2997 509 3046 ut
519 2998 587 3046 sunt
603 2983 740 3066 procacia
750 2982 870 3043 urbanae
883 2981 979 3063 plebis
989 2981 1120 3062 ingenia,

118 3069 323 3156 petulantibus
334 3070 439 3156 jurgiis
455 3070 618 3133 illuserant.
664 3068 760 3130 Auxit
777 3066 916 3129 invidiam
933 3067 1046 3128 editum
1059 3066 1120 3127 illie

116 3155 273 3220 acacius
282 3157 477 3240 gladiatorum
493 3155 702 3240 spectaculum
718 3176 726 3216 r
748 3153 917 3238 eademque
933 3173 1032 3215 rursus
1048 3152 1119 3215 belli

109 3241 225 3306 sedes:
250 3256 281 3305 et
296 3243 407 3326 prebiti
420 3243 448 3305 in
459 3243 524 3306 acie
535 3239 704 3304 Vitellianis
713 3241 771 3303 eibi
784 3263 792 3302 r
813 3261 897 3303 caesae
913 3237 1078 3324 quaedams
1106 3273 1119 3288 ·

115 3329 216 3406 minae,
232 3329 330 3393 studio
347 3330 475 3413 partium
492 3327 529 3390 ad
547 3328 680 3411 praelium
703 3348 884 3411 progressa:
907 3340 1029 3410 tempus
1045 3347 1119 3410 qno·

116 3436 176 3503 que
187 3415 347 3494 mercatis,
358 3417 450 3479 ditem
464 3414 575 3498 alioqui
585 3414 744 3490 coloniam,
756 3412 901 3498 majorum
912 3435 1003 3497 opum
1016 3413 1119 3496 speeie

116 3502 301 3586 complebat.
347 3501 452 3566 Ceteri
468 3501 574 3564 Duces
597 3501 626 3562 irt
649 3499 796 3562 obscuro:
820 3499 985 3564 Antonium
1003 3497 1120 3562 fortuna

116 3586 257 3673 lautaque
273 3590 406 3652 omnium
430 3587 526 3650 oculis
548 3587 748 3670 exposuerat:
773 3587 798 3650 is
812 3585 946 3662 balneas,
970 3585 1120 3648 abluendo

112 3676 222 3752 cruori,
239 3675 366 3759 properi:
389 3675 484 3760 petit:
509 3688 640 3756 excepta
657 3693 716 3738 vox
740 3687 797 3750 est,
813 3673 883 3736 clrm
907 3687 1044 3756 teporem
1069 3672 1115 3734 in·

113 3776 244 3841 ousaret,
261 3763 381 3827 ‘statim
393 3759 829 3838 suturam,utinoaleseerent.'
867 3757 991 3832 Vernile
1004 3757 1117 3830 dictum
