2508 4254
108 255 152 317 92
415 247 457 314 C.
480 249 590 315 Cosa.
613 247 738 314 Thorai
900 249 955 333 [A.
970 248 1013 314 U.
1029 251 1108 316 822.

105 415 239 482 Orientis
250 413 438 478 Mucianum.
484 413 653 498 Superesse
670 411 861 498 Vespasiano
877 435 970 489 mare,
986 413 1111 491 classes,

106 504 205 568 studia
222 502 451 587 provinciarum,
479 524 533 586 per
558 523 633 586 quas
659 503 742 564 velut
768 502 890 564 alterius
913 502 984 564 belli
1000 501 1114 564 molem

107 591 213 654 cieret.
261 589 307 650 lta
322 589 432 650 salubri
450 587 534 650 moria
549 610 643 651 novas
659 590 737 652 vires
752 589 856 665 affore,
872 605 903 650 et
918 588 1115 672 praesentibus

108 677 181 740 nihil
199 673 386 760 periturum!

152 761 195 824 ll.
222 761 270 823 Ad
287 783 323 822 ea
339 761 490 824 Antonius
505 760 627 824 Primus
654 759 694 846 (is
710 761 872 824 acerrimus
894 760 965 824 belli
980 761 1115 824 eoncita-

109 848 206 931 tor)‘
219 846 464 910 festinationem
458 849 528 931 ipsis
544 850 660 922 utilem,
676 846 802 909 Vitellio
817 847 996 923 exitiosam,'
1018 849 1115 910 disse-

110 936 189 1012 ruit;
212 934 300 1032 ‘ples
316 935 471 1032 socordia,
494 935 584 1018 quarn
601 934 727 1016 fiducie,
743 936 907 996 accessisse
931 934 1116 996 victoribus.

108 1042 211 1104 neque
230 1021 310 1082 eninr
327 1020 355 1081 in
374 1021 527 1102 procinctu
544 1036 575 1082 et
589 1021 692 1082 castris
709 1020 844 1082 habitos.
868 1021 1034 1104 peremnia
1051 1017 1114 1082 lta-

110 1107 156 1170 liae
170 1107 330 1189 municipia
344 1106 475 1182 desides,
488 1107 603 1168 tannim
622 1106 786 1208 hospitibus
798 1107 994 1169 metuendos:
1019 1127 1116 1190 quan-

111 1192 143 1256 tb
161 1191 288 1256 ferocihs
311 1191 380 1254 autb
401 1213 434 1253 se
458 1193 584 1273 egerint,
608 1191 692 1254 tantb
707 1191 844 1276 cupidibs
859 1193 990 1256 insolitas
1007 1193 1117 1274 volup-

111 1292 189 1342 tates
217 1279 361 1341 hausisse.
406 1277 500 1340 Circo
526 1299 646 1362 quoque
672 1299 709 1340 ac
738 1280 860 1340 theatris
886 1294 917 1341 et
941 1279 1117 1342 amoenitate

111 1367 191 1428 urbis
208 1365 365 1441 emollitos,
381 1380 432 1426 aut
449 1365 669 1426 valetudinibus
687 1363 790 1427 sessos.
836 1364 910 1442 Sed,
927 1366 1028 1427 addito
1043 1385 1117 1448 spa·

113 1453 165 1528 tio,
189 1451 353 1514 rediturum
369 1467 400 1513 et
418 1451 463 1514 his
485 1452 575 1513 robur
598 1452 792 1513 meditatione
808 1451 897 1514 belli:
928 1473 986 1513 nec
1010 1451 1119 1534 procul

111 1537 319 1614 Germaniam,
346 1537 543 1600 undevires=
576 1535 805 1600 Britarrniams
802 1552 866 1599 reto
888 1538 1004 1600 dirimi.
1023 1537 1119 1621 J'uxtb

111 1623 227 1689 Gallias
246 1623 490 1709 Hispaniasque;
514 1625 662 1707 utrimque
678 1625 767 1723 viros,
790 1644 895 1708 equos,
919 1618 1045 1687 tributa:
1069 1623 1120 1706 ip·

110 1733 237 1795 samque
254 1711 367 1776 ltaliam
384 1727 415 1773 et
430 1731 504 1794 opes
519 1707 630 1773 Urbis.
654 1732 701 1786 ac,
714 1733 738 1774 sr
729 1707 858 1772 inferre
870 1731 952 1773 arma
967 1709 1046 1772 ultrd
1062 1731 1120 1772 ve-

111 1797 176 1873 lint,
193 1799 268 1860 duas
283 1798 406 1872 classes,
422 1818 614 1882 vacuumque
632 1796 784 1879 lllyriourn
807 1817 901 1858 mare.
946 1795 1029 1870 Quid
1051 1813 1119 1859 tum

111 1885 241 1948 claustra
255 1883 400 1946 montium
417 1883 589 1982 profutura?
613 1883 683 1982 qpid
697 1897 825 1946 tractum
836 1883 865 1945 in
878 1897 1011 1948 aestatem
1026 1881 1118 1946 aliern

111 1969 251 2032 bellum?
283 1969 395 2032 uude
388 1971 506 2032 interim
538 1972 696 2054 pecuniam
722 1983 754 2032 et
779 1971 989 2032 commeatus?
1028 1967 1119 2043 Quin

113 2055 214 2143 potitis
239 2076 277 2116 eo
294 2057 369 2158 ipso
390 2069 553 2158 ptereptur,
581 2055 661 2140 qubd
686 2053 868 2118 Pannoniae
889 2056 1034 2138 legiones,
1062 2055 1120 2118 de-

111 2157 208 2224 ceptae
224 2138 329 2223 magis,
346 2141 449 2242 quiem
453 2142 547 2218 victe,
561 2163 716 2221 resurgere
732 2143 760 2204 iu
773 2142 917 2204 ultionem
935 2155 1116 2226 properent:

112 2227 234 2292 Moesici
264 2229 416 2290 exercitus
442 2229 573 2310 integras
600 2231 677 2290 vires
701 2229 863 2292 attulerint
910 2227 943 2290 Si
970 2249 1118 2292 numerus

114 2316 241 2379 militurn
259 2313 367 2397 potihs,
384 2335 473 2400 quarn
490 2313 653 2414 legiqnum,
666 2330 801 2414 putetur,
819 2315 885 2398 plus
901 2315 970 2378 hinc
991 2315 1118 2436 roboris,
1165 2373 1167 2376 ,

115 2487 243 2573 Equites
261 2486 332 2549 verd
348 2501 464 2550 netum
487 2488 607 2570 quidem
626 2488 738 2568 victos;
760 2487 825 2564 sed,
842 2509 1011 2572 quanquam
1027 2487 1121 2550 rebus

114 2575 259 2644 adversis,
284 2571 439 2658 disjectam
458 2571 572 2636 Vitellii
596 2574 703 2636 aciem.
751 2571 828 2636 Duae
850 2590 921 2636 tunc
936 2573 1121 2636 Pannonicae

114 2682 151 2724 au
168 2659 303 2724 Moesicae
319 2660 372 2722 alae
391 2681 552 2743 perrupere
569 2661 706 2723 hostem:
729 2682 808 2723 nunc
824 2661 979 2723 sexdecim
1003 2661 1121 2722 alarum

113 2747 274 2832 conjuncta
290 2747 373 2828 signa
391 2747 477 2828 pulsu
501 2747 660 2830 sonituque
687 2761 717 2810 et
739 2747 849 2809 nube
842 2745 907 2830 rpsb
929 2747 1066 2830 operient
1081 2767 1121 2809 ac

114 2832 333 2933 superfundent
362 2833 469 2895 oblitos
495 2833 661 2916 praelinrum
693 2834 809 2916 equites
840 2854 1006 2916 equosque.
1052 2830 1124 2896 Nisi

114 2920 181 3004 quis
197 2921 316 2995 retinet,
333 2918 413 2980 idem
430 2939 534 2981 suasor
550 2935 712 3002 auctorque
728 2919 841 2982 consilii
858 2941 920 2982 ero
958 2918 1033 2994 Vos,
1053 2919 1123 3002 qui·

116 3007 171 3070 bus
188 3004 325 3068 fortuna
318 3027 346 3066 rn
363 3005 478 3089 integro
504 3021 559 3082 est,
587 3007 719 3088 legiones
742 3006 911 3068 continete:
935 3005 1005 3067 mihi
1021 3026 1123 3087 expe-

115 3092 182 3155 ditae
198 3094 336 3156 cohortes
352 3093 510 3156 sufficient.
555 3091 625 3154 Jarn
643 3108 803 3155 reseratam
826 3090 952 3168 ltaliam,
977 3092 1122 3174 impulsas

116 3177 228 3242 Vitellii
245 3199 291 3241 res
308 3179 452 3242 audietis:
471 3177 586 3263 juvabit
602 3179 697 3263 sequi,
716 3193 746 3242 et
770 3178 899 3261 vestigiis
914 3179 1059 3242 vincentis
1074 3177 1123 3239 in-

115 3264 243 3329 sistere!

160 3351 215 3413 lll.
242 3349 318 3412 Haeo
334 3365 424 3434 atque
440 3351 518 3426 talia,
539 3351 667 3433 flagrans
682 3352 786 3429 oculis,
802 3352 876 3416 truci
894 3373 983 3428 voce,
1000 3349 1060 3436 qud
1076 3350 1124 3412 la·

115 3437 173 3502 tihs
188 3438 349 3512 audiretur,
373 3438 498 3515 (etenim
514 3459 547 3500 se
571 3439 771 3502 Centuriones
794 3438 967 3522 etquidem
993 3439 1122 3501 militum

116 3525 240 3586 consilio
257 3523 487 3608 miscuerant)
480 3541 518 3587 ita
535 3525 652 3601 effudit,
670 3541 700 3588 ut
715 3541 819 3588 cautos
834 3545 954 3609 quoque
967 3545 1002 3587 ao
1019 3525 1124 3608 provi·

116 3611 172 3673 dos
186 3625 385 3692 permoveret,
399 3611 502 3692 vulgus
515 3627 545 3674 et
558 3613 686 3686 ceteri,‘
698 3633 788 3674 unum
803 3611 898 3674 virum
912 3610 1122 3694 Ducemque,’

115 3696 216 3780 spreta
242 3697 384 3759 ‘aliorum
408 3697 555 3778 segnitia,’
581 3698 718 3760 laudibus
734 3697 853 3761 ferrent
900 3696 990 3760 Hane
1013 3694 1124 3758 suisa-

114 3803 195 3846 mam
212 3782 362 3848 aestatim
378 3785 524 3848 concione
540 3799 754 3862 commoverat,
770 3805 840 3869 qua,
856 3784 985 3849 recitatis
999 3781 1127 3866 Vespa-
