2556 4446
414 349 459 394 uu
482 328 698 396 Ouaromws
722 328 908 398 Dianoeas.
1101 331 1168 396 259
1261 347 1262 392 3

164 505 248 574 bere,
275 514 328 580 pro
344 493 485 577 dignitate
501 517 612 573 rerum,
638 498 675 559 ad
704 497 860 560 utilitatem
880 510 1070 579 temporum,
1096 517 1169 560 cum

165 583 320 667 voluptate
337 583 522 646 audientium
537 583 642 666 possit.
688 581 765 694 llaec
780 584 835 646 sibi
851 583 891 648 illi
908 589 1033 646 veteres
1047 603 1171 666 persua-

165 669 290 734 debant.

210 752 340 818 XXXI.
365 753 416 816 'Ad
433 755 498 818 haec
513 755 671 818 efficienda
686 753 892 838 intelligebant
907 776 984 839 opus
1007 777 1084 832 esse,
1109 777 1168 820 noa

165 853 199 904 ut
214 841 398 904 rhetorum
392 863 420 902 m
437 842 548 912 scholis
564 843 779 921 declamarent,
796 863 852 904 uec
868 855 901 906 ut
915 843 1002 918 fictis,
1027 864 1083 905 nec
1108 843 1168 906 ullo

166 926 259 990 modo
271 927 308 990 ad
319 927 473 991 veritatem
491 929 702 992 accedentibus
711 943 921 991 controversus
934 929 1064 1027 linguam
1079 928 1169 992 modd

167 1029 199 1078 et
215 1034 322 1076 vocem
338 1029 536 1092 exercerent3
559 1015 612 1076 sed
637 1029 670 1078 ut
691 1015 735 1077 his
751 1015 861 1079 artibus
877 1021 982 1099 pectus
999 1015 1169 1100 implerent,

105 1100 115 1114 ”
161 1100 198 1163 ¹iu
221 1099 327 1200 quibus
343 1101 381 1162 de
398 1101 482 1162 bonis
497 1121 533 1163 ac
549 1099 645 1176 malis,
667 1099 705 1164 de
722 1102 849 1166 honesto
865 1123 900 1164 ac
916 1102 1003 1186 turpi,
1029 1101 1099 1164 de
1086 1117 1169 1188 Justo

167 1201 200 1250 et
224 1185 335 1270 injusto
350 1186 548 1269 disputatur·
574 1186 650 1250 Haec
670 1187 750 1250 enim
778 1203 824 1250 est
849 1189 957 1252 oratori
980 1187 1114 1288 subjecta
1130 1188 1169 1252 ad

167 1272 330 1335 dicendum
345 1272 482 1336 materia
520 1271 618 1337 Nam
612 1297 640 1336 m
650 1272 770 1358 judiciis
786 1273 853 1338 sere
861 1274 900 1339 de
912 1275 1062 1360 aequitate,
1075 1276 1102 1338 iu
1116 1276 1171 1338 de·

166 1357 1171 1458 liberationibusdehonestatedrermus,rtautplerumquehaeorpsa

167 1443 296 1509 invicem
312 1447 511 1510 misceantur:
536 1447 697 1548 dequibus
712 1449 835 1552 copiose
856 1463 887 1512 et
911 1447 991 1512 varie
1015 1462 1045 1511 et
1065 1448 1169 1512 ornate

65 1537 68 1544 '
167 1552 260 1596 nemo
274 1532 374 1597 dicere
391 1549 498 1614 potest,
520 1535 575 1598 nisi
592 1535 640 1616 qui
656 1533 791 1614 eugubrit
809 1549 944 1596 naturam
961 1535 1123 1596 humanam
1139 1548 1171 1596 et

169 1619 230 1682 vim
248 1620 388 1682 virtutum
403 1621 641 1701 pravitatemque
658 1619 796 1680 vitiorum
812 1633 842 1680 et
858 1618 1041 1681 intellectum
1055 1640 1171 1696 eorum,
1261 1631 1262 1634 ’

191 1726 235 1766 ue
250 1725 307 1766 nec
320 1706 348 1770 iu
362 1704 527 1778 virtutibus,
545 1723 644 1786 neque
660 1703 689 1766 in
708 1703 782 1764 vitiis
799 1717 1004 1766 numerantur.
1050 1703 1102 1768 Ex
1125 1705 1172 1768 his

168 1725 352 1852 litutibus
314 1789 403 1852 etiam
419 1788 468 1850 illa
485 1789 645 1888 proflquut,
672 1802 704 1850 ut
720 1787 857 1852 sacilihs
850 1811 922 1852 nam
935 1787 1045 1875 judicis
1062 1791 1133 1854 vel'
1126 1813 1171 1854 m·

168 1875 269 1967 stiget,
286 1875 334 1936 vel
350 1875 451 1953 leniat,
468 1875 518 1974 qui
533 1875 598 1952 seit,
615 1875 709 1959 quld
702 1895 766 1936 rra.
787 1875 933 1959 promtius
953 1876 990 1938 ad
1007 1877 1171 1941 miseratio-

169 1981 240 2024 uem
265 1961 415 2044 impellat,
438 1961 488 2045 qui
514 1961 581 2036 scit,
597 1961 680 2045 quid
710 1961 747 2023 sit
771 1963 983 2040 misericordia,
1010 1978 1040 2026 et
1065 1965 1171 2048 quibus
1261 2003 1262 2010 κ

164 2046 260 2110 varnimi
282 2047 413 2112 motibus
427 2047 604 2111 concitetur.
649 2047 683 2112 lu
705 2047 750 2110 his
766 2049 877 2131 artibus
893 2051 1172 2117 exercitationibus-

170 2155 229 2232 que
251 2148 385 2196 versatus
400 2149 508 2209 orator,
518 2135 588 2197 sive
604 2119 683 2217 apud
701 2133 882 2213 insest0s‚'
860 2159 922 2199 stre
939 2137 1018 2222 apud
1034 2139 1171 2221 cupidos,

169 2221 234 2283 sive
255 2221 335 2304 apud
351 2220 577 2297 invidentes,
555 2242 618 2283 srve
635 2221 716 2304 apud
732 2223 840 2300 tristes,
856 2223 919 2286 sive
936 2222 1016 2306 apud
1034 2224 1172 2288 timentes

169 2306 332 2374 dicendum
357 2307 504 2384 habuerit,
524 2307 639 2370 tenebit
667 2308 797 2384 habenas
813 2309 998 2370 animorum:
1029 2323 1060 2370 et
1085 2323 1173 2391 prout

169 2393 316 2480 cujusque
331 2410 435 2456 natura
451 2393 623 2492 postulabit,
639 2393 794 2455 adhibebit
810 2415 930 2456 manum
946 2409 977 2457 et
992 2395 1173 2478 temperabit

169 2482 345 2555 orationem,
363 2495 465 2556 parato
480 2479 562 2542 omni
574 2480 770 2542 instrumento
786 2492 815 2542 et
832 2480 868 2545 ad
884 2501 1004 2543 omnem
1021 2503 1108 2546 usum
1124 2503 1172 2544 re·

170 2568 280 2650 posito.
326 2567 414 2646 Sunt,
430 2567 510 2652 apud
527 2587 602 2653 quos
617 2568 719 2630 astrict
721 2581 812 2630 umet
827 2567 1000 2644 collectum,
1011 2582 1041 2630 et
1057 2567 1173 2650 singula

170 2655 270 2719 statim
285 2672 461 2738 argumenta
483 2655 667 2718 concludens
683 2653 802 2718 dicendi
818 2675 923 2737 genus,
941 2655 1007 2738 plus
1022 2655 1092 2732 fidei
1109 2677 1174 2718 me·

170 2757 270 2806 retur:
295 2743 373 2826 apud
393 2743 446 2803 hos
458 2741 576 2802 dedisse
588 2752 711 2823 operam
724 2741 887 2804 dialectioae
904 2743 1049 2824 proficiet.
1089 2743 1173 2806 Alios
1261 2823 1262 2826 Ἴ

170 2826 237 2890 susa
249 2843 279 2890 et
292 2827 422 2909 equalis,
433 2839 463 2887 et
475 2847 514 2889 ex
524 2827 732 2887 communibus
746 2827 838 2888 ducta
846 2828 993 2904 sensibus,
1002 2828 1098 2892 oratio
1110 2849 1174 2892 rna-

170 2909 216 2994 gis
227 2912 376 2974 delectat:
401 2911 438 2972 ad
452 2912 506 2973 hos
520 2911 1073 2996 permovendosmutuabimuraliquid
1084 2936 1100 2978 a
1111 2914 1173 2986 Pe„-

172 2998 350 3081 ripateticis:
375 2997 403 3060 hi
420 3012 505 3081 aptos
517 3011 547 3060 et
559 2998 587 3060 in
600 3019 720 3060 omnem
736 2997 1099 3082 disputationemparatos
1107 2999 1172 3082 jam

171 3084 255 3149 locos
271 3083 403 3160 dabunt;
427 3084 605 3146 Academici
622 3083 854 3167 pugnacitatem,
871 3083 961 3148 Plato
972 3084 1172 3162 altitudinem,

172 3168 346 3253 Xenophon
360 3169 598 3254 jucunditatem:
622 3192 661 3234 ne
678 3169 803 3252 Epicuri
820 3171 941 3254 quidem
959 3183 989 3234 et
1006 3169 1173 3234 Metrodori

172 3257 314 3321 honestas
337 3257 481 3340 quasdam
505 3257 742 3320 exclamationes
757 3276 919 3332 assumere,
944 3256 1060 3354 hisque,
1085 3270 1172 3338 prout

172 3365 221 3408 res
237 3343 344 3427 poscit,
372 3343 425 3419 uti,
449 3343 580 3406 alienum
597 3343 652 3405 erit
665 3344 789 3408 oratori.
832 3340 942 3425 Neque
958 3345 1038 3404 eninr
1054 3342 1172 3426 sapien-

173 3445 237 3494 tem
252 3428 456 3504 informamus,
473 3450 571 3512 neque
588 3428 757 3492 Stoicorum
774 3428 938 3504 ciuitatem,
954 3430 1007 3492 sed
1024 3450 1105 3506 eum,
1122 3430 1172 3515 qui
1261 3447 1262 3452 ’

167 3539 233 3580 non
250 3516 393 3601 quasdam
410 3532 489 3578 artes
515 3517 643 3592 haurire,
671 3515 723 3578 sed
747 3535 853 3578 onrnes
874 3507 1045 3592 liberaliter,
1068 3517 1171 3582 debet.
1261 3533 1262 3592 g

174 3603 309 3686 ldeoque
325 3617 356 3664 et
367 3602 442 3686 juris
452 3601 555 3665 civilis
571 3602 725 3664 scientiam
743 3617 861 3665 veteres
886 3616 1019 3664 oratores
1033 3623 1173 3686 compre·

173 3689 358 3764 hendehant‚
374 3705 405 3752 et
420 3687 626 3772 grammatica,
643 3688 758 3758 musica
773 3703 804 3750 et
819 3687 984 3769 geometria
998 3691 1174 3756 imbueban-

162 3791 232 3840 ¹tur.
272 3774 412 3838 Incidunt
423 3777 503 3838 enim
515 3797 623 3851 cause,
634 3775 765 3859 plurimae
778 3775 899 3862 quidem
912 3798 948 3838 ac
961 3776 1044 3876 paeqb
1056 3796 1172 3852 ornnes,

174 3861 365 3948 quibusjuris
381 3863 485 3926 notitia
497 3862 699 3926 desideratur:
726 3863 875 3948 pleraeque
889 3879 1004 3942 autem,
1020 3863 1049 3926 in
1066 3821 1173 3946 quihud

173 3951 218 4014 hae
235 3971 355 4037 quoque
367 3949 497 4014 scientiae
513 3951 712 4036 requiruntur.
