2560 4258
152 307 195 374 24
460 306 501 372 C.
526 305 635 372 Conn.
658 305 784 372 Tacrnt
946 307 999 392 [Α.
1015 307 1058 372 U.
1074 309 1152 374 822.

151 473 261 539 floruit.
307 471 473 536 Proconsul
492 469 625 534 Africam
641 471 818 550 moderate3
836 470 900 558 jam
911 473 1019 550 senior,
1031 473 1151 538 citerio-

150 581 214 626 rem
231 558 409 644 Hispaniam
427 560 489 644 pari
501 557 618 644 justitiis
632 559 796 623 continuit:
822 559 916 645 major
933 561 1048 644 privato
1059 561 1150 638 visus,

150 648 222 712 dum
248 647 379 731 privatus
394 645 459 724 suit,
475 663 506 709 et
517 647 650 709 omniurn
666 667 815 710 consensu
829 667 929 731 capax
945 647 1077 732 lmperii,
1093 647 1150 711 nisi

151 735 191 800 im
236 731 340 796 resset.

194 755 234 884 lae.
258 817 425 903 Trepidam
438 819 554 895 urbem,
570 841 605 882 ac
615 819 702 882 simul
715 820 901 883 atrocitatem
915 822 1042 884 recentis
1052 821 1150 884 scele-

151 908 191 972 ris
206 907 294 970 simul
319 920 435 969 veteres
459 905 590 969 Othonis
612 927 712 969 mores
729 922 900 991 paventem,
917 929 1013 970 novus
1029 909 1152 992 insuper

151 994 207 1057 ‘de
221 989 356 1056 Vitellio'
373 994 493 1056 nuntius
509 994 664 1068 exterruit,
681 1009 750 1056 ante
761 994 875 1058 caedem
887 994 991 1057 Galbae
1007 1015 1151 1078 suppres-

150 1101 211 1158 sus,
234 1095 277 1155 ut,
300 1079 415 1143 rantum
431 1081 590 1164 superioris
606 1078 776 1143 Germania
792 1082 958 1144 exercitum
975 1081 1150 1160 descivisse,

149 1168 333 1232 crederetur.
378 1166 461 1229 Turn
486 1166 590 1243 ‘duos,
612 1168 746 1229 omnium
768 1168 936 1230 monalium
953 1168 1150 1252 impudicitiis,

150 1253 281 1337 ignavid,
296 1252 416 1316 luxurid
431 1253 616 1328 deterrimos,
630 1254 712 1315 velut
727 1253 763 1316 ad
782 1255 967 1337 perdendum
985 1253 1151 1338 Imperium

150 1341 281 1404 fataliter
303 1340 438 1416 electos,'
462 1361 522 1412 uon
538 1339 668 1402 Senatus
685 1339 775 1402 modd
791 1355 822 1403 et
838 1340 953 1425 Eques,
970 1340 1035 1425 quis
1051 1343 1151 1426 aliqua

174 1447 220 1490 ars
236 1442 267 1490 et
278 1447 349 1490 cura
366 1427 564 1509 Reipublicae,
580 1426 632 1488 sed
647 1427 752 1508 vulgus
765 1449 884 1512 quoque
898 1427 995 1512 paltinr
1010 1449 1150 1491 moerere.

151 1450 220 1578 bec
239 1512 302 1600 jam
326 1515 458 1578 recentia
473 1533 560 1576 saevae
579 1514 659 1598 pacis
675 1515 827 1597 exempla,
844 1514 897 1576 sed
913 1516 1040 1599 repetita
1057 1515 1151 1578 bello·

150 1623 216 1666 rum
239 1601 370 1664 civilium
395 1601 556 1664 memoria:
591 1601 737 1683 ‘captam'
753 1602 862 1664 totiens
885 1603 945 1663 suis
968 1603 1150 1665 exercitibus

151 1689 266 1762 urbem,
280 1689 449 1752 vastitatem
467 1686 569 1765 ltalia,
582 1687 765 1771 direptiones
777 1689 1006 1772 provinciarum,
1021 1689 1151 1751 Pharsa-

151 1777 233 1852 liam,
249 1776 408 1860 Philippos
424 1790 455 1838 et
471 1774 627 1838 Perusiam
641 1797 675 1838 ac
688 1775 860 1852 Mutinam,’
878 1792 947 1838 nota
961 1777 1150 1860 publicarum
1189 1817 1192 1826 ·
1230 1853 1235 1861 .

150 1862 281 1926 cladium
312 1864 442 1937 nomina,
473 1863 681 1946 loquebantur.
728 1861 848 1948 ‘Prope
871 1885 1010 1926 eversum
1033 1865 1150 1940 orbem,

151 1950 242 2011 etiam
258 1948 327 2010 ciam
343 1949 381 2011 de
398 1949 572 2031 Principatu
589 1949 665 2010 inter
678 1950 774 2011 bonos
789 1965 972 2012 certaretur:
996 1952 1048 2012 sed
1067 1973 1151 2013 man-

152 2035 225 2098 sisse
235 2033 275 2098 C.
285 2033 378 2109 lulio,
390 2035 535 2096 mansisse
545 2033 666 2096 Caesare
677 2037 816 2115 Augusto
828 2036 950 2112 victore,
964 2035 1127 2118 Imperium
1140 2058 1150 2114 ;

151 2141 321 2184 mansuram
345 2119 444 2196 fuisse,
468 2120 523 2182 sub
546 2119 694 2202 Pompeio
709 2120 879 2204 Brutoque,
902 2121 1150 2203 Rempublicam.

153 2207 245 2272 Nunc
262 2229 316 2292 pro
328 2205 464 2283 Othone,
480 2227 516 2268 an
532 2228 585 2290 pro
599 2204 734 2282 Vitellio,
744 2207 773 2268 in
784 2207 898 2289 templa
908 2209 1021 2268 ituros?
1044 2206 1151 2269 Utras·

153 2315 213 2381 que
239 2295 346 2378 impias
369 2314 486 2377 preces,
513 2308 638 2377 utraque
661 2293 837 2356 detestanda
857 2309 936 2370 vota,
959 2293 1036 2355 inter
1065 2294 1151 2367 duos,

153 2403 280 2468 quorum
296 2380 482 2444 bellosolum
499 2378 527 2442 id
544 2379 645 2456 scires,
662 2379 842 2443 deteriorem
858 2378 932 2456 sore,
944 2380 993 2463 qui
1008 2378 1149 2442 vicisset!

154 2469 261 2544 Erant,
278 2469 327 2552 qui
339 2465 559 2551 Vespasianum
576 2481 606 2528 et
617 2487 697 2529 arma
710 2465 844 2529 Orientis
854 2481 1086 2548 augurarentur:
1111 2481 1152 2544 et,

153 2572 185 2619 ut
206 2556 303 2640 potior
318 2569 444 2638 utroque
461 2552 677 2637 Vespasianus,
694 2554 735 2616 ita
750 2553 861 2616 bellurn
878 2552 956 2615 aliud
974 2566 1064 2636 atque
1080 2553 1151 2616 alias

153 2642 256 2706 clades
278 2642 449 2704 horrebant.
495 2639 538 2703 Et
561 2641 701 2719 ambigua
724 2639 762 2702 de
781 2637 967 2724 Vespasiano
984 2638 1081 2717 lama3
1104 2661 1152 2703 so·

153 2730 260 2813 lusque
276 2729 410 2790 omniurn
427 2741 496 2789 ante
511 2748 544 2789 se
557 2725 731 2810 Principum
749 2727 777 2788 in
794 2727 901 2788 melius
917 2740 1048 2789 mutatus
1064 2740 1121 2790 est.

197 2813 252 2879 LI.
277 2813 368 2878 Nunc
391 2815 471 2877 initia
494 2833 659 2897 causasque
683 2811 781 2875 motds
802 2811 956 2876 Vitelliani
979 2814 1151 2898 expediam.

154 2902 244 2968 Caeso
265 2923 335 2965 cum
356 2902 493 2964 omnibus
509 2900 602 2984 copiis
617 2898 699 2961 Julio
716 2897 857 2977 Vindice,
873 2899 957 2964 ferox
974 2899 1073 2985 praedit
1088 2902 1152 2983 glo·

154 2989 258 3074 ri'aque
281 2988 442 3062 exercitus,
467 3001 499 3048 ut
521 2987 570 3049 cui
593 2986 656 3048 sine
679 2987 781 3050 labore
803 3009 839 3050 ac
862 2989 995 3071 periculo
1018 2988 1152 3051 ditissimi
1233 3033 1237 3040 -

154 3077 225 3139 belli
242 3075 364 3138 victoria
380 3074 541 3151 evenisset,
565 3073 789 3159 expeditionem
806 3075 896 3160 quim
912 3077 1017 3151 otium,
1035 3077 1152 3159 premia

155 3163 244 3249 quiam
271 3161 419 3246 stipendia
444 3161 585 3224 malebat.
632 3160 695 3223 Diu
725 3160 938 3225 infructuosam
962 3175 993 3224 et
1016 3181 1150 3245 asperam

154 3249 288 3312 militiam
316 3249 528 3324 toleraverant,
552 3247 672 3328 ingenio
698 3249 756 3311 loci
779 3248 910 3332 coelique
935 3262 966 3311 et
992 3249 1150 3312 severitate

155 3335 334 3420 disciplinae;
367 3355 468 3419 quam,
491 3334 520 3395 in
539 3355 614 3417 pace
630 3333 857 3410 inexorabilem,
874 3335 1027 3398 discordie
1042 3335 1151 3398 civium

154 3423 320 3498 resolvunt,
344 3421 452 3507 paratis
472 3420 621 3504 utrimque
637 3421 857 3504 corruptoribus
873 3436 903 3484 et
920 3421 1043 3506 perfidia
1058 3422 1153 3507 impu·

155 3507 226 3572 nitri.
276 3506 351 3585 Viri,
376 3529 468 3582 arma,
491 3507 571 3591 equi,
593 3506 629 3568 ad
646 3529 733 3569 usum
749 3507 831 3570 etad
848 3507 941 3571 decus
957 3523 1149 3592 supererant:

155 3596 290 3660 sedante
306 3596 418 3659 bellum
434 3593 583 3657 centurias
599 3593 714 3656 tantiam
727 3615 795 3656 suas
806 3611 977 3681 turmasque
989 3611 1149 3658 noverant:

155 3684 306 3747 exercitus
328 3682 434 3745 finibus
457 3680 674 3764 provinciarum
703 3681 957 3744 discernebantur.
1003 3679 1086 3744 Tum
1102 3682 1152 3745 ad·
1248 3733 1249 3738 ,

157 3770 261 3834 vcrsbs
275 3768 438 3833 Vindicem
461 3781 620 3831 contracte
642 3768 787 3851 legiones,
813 3789 906 3854 seque
922 3783 953 3832 et
969 3767 1083 3830 Gallias
1099 3789 1151 3831 ex·
1238 3769 1249 3838 ,“

158 3873 261 3952 perta,
292 3877 423 3950 quarere
453 3875 553 3919 rursus
583 3873 676 3935 arma,
706 3877 860 3942 novasque
882 3854 1061 3920 discordias:
1096 3877 1151 3920 nec
