2516 4250
120 209 162 278 A.
179 207 219 275 C.
235 189 306 293 ¹69.]
401 207 542 278 Hieron.
567 209 643 278 Lus.
667 209 859 279 Succurras.
1079 215 1122 278 73

119 376 190 452 bris,
217 389 269 440 aut
291 375 404 440 ambitu
426 373 566 454 civitatis,
588 375 618 438 iu
642 376 785 459 gaudium
807 377 917 456 evicta,
933 377 1040 444 domna
1063 399 1123 444 sure

120 461 237 526 tautirm
254 462 381 532 adversa
395 463 498 524 sensit.
894 469 899 476 ‘

164 547 274 612 LXV.
298 547 476 630 Digressum
501 569 519 612 a
545 547 698 629 Lugdnno
725 547 883 616 Vitellium
914 549 963 616 Μ.
994 550 1125 616 Cluvius

120 633 221 699 Rufus
247 636 425 720 assequitur,
448 633 560 698 omiss-d
589 634 759 718 Hispanib3
782 638 913 704 letitiam
937 652 969 702 et
995 638 1125 720 gratula-

121 723 235 787 tionem
260 723 345 788 vultu
366 721 474 796 serens,
498 723 599 786 animo
619 724 729 786 anxius
744 738 775 786 et
793 725 919 808 petitum
937 746 970 790 se
985 725 1125 790 crimina-

120 809 251 874 tionibus
288 829 408 890 gnarus.
455 807 597 885 Hilarius,
640 807 769 872 Cesaris
806 811 939 888 libertus,
966 811 1156 890 detularat,'

120 903 298 981 ‘tanquam
315 895 418 958 audito
435 893 550 958 Vitellii
566 909 597 958 et
620 893 751 960 Othonis
767 896 953 981 Principum,
971 900 1122 982 propriam

120 983 187 1066 ipse
215 983 379 1066 potentiam
406 995 438 1044 et
462 983 682 1065 possessionem
715 981 928 1068 Hispaniarum
957 984 1123 1050 tentasset:

118 1069 219 1154 euque
236 1069 449 1152 diplomatibus
465 1069 579 1145 nullum
593 1067 766 1151 Principem
781 1071 1030 1157 prescripsissen'
1075 1073 1126 1136 ln-

120 1157 341 1239 terpretabatur
356 1156 491 1240 qondam
508 1177 549 1218 ex
572 1157 754 1222 orationibus
769 1160 846 1244 ejus,
861 1159 1081 1224 contumeliosa
1095 1159 1126 1224 iu

122 1241 292 1318 Vitellium,
314 1257 346 1306 et
372 1265 426 1328 pro
452 1243 574 1326 seipso
605 1245 770 1326 popularia.
817 1247 990 1312 Auctoritas
1020 1245 1125 1310 Cluvii

121 1331 287 1414 prevaluit,
309 1344 341 1392 ut
358 1329 453 1412 puniri
471 1328 548 1394 ultrd
564 1329 703 1394 libertum
726 1353 812 1396 suum
829 1331 970 1397 Vitellius
990 1332 1124 1418 juberet.

120 1415 250 1480 Cluvius
265 1417 417 1484 comitatui
435 1414 583 1500 Principis
595 1417 741 1502 adjectus,
754 1441 812 1482 non
826 1419 949 1482 ademtis
965 1419 1125 1502 Hispaniis

142 1525 211 1568 uam
234 1505 313 1568 rexit
330 1503 449 1576 absens,
473 1504 618 1588 exemplo
632 1503 672 1568 L.
691 1505 836 1570 Arruntii.
882 1506 965 1572 Eum
981 1505 1124 1572 Tiberius

112 1525 226 1656 *Vasar
240 1591 279 1654 ob
294 1604 421 1668 metum,
432 1589 570 1654 Vitellius
581 1589 726 1654 Cluvium
743 1589 828 1656 nulli
843 1591 998 1656 formidine
1015 1593 1126 1656 retine-

120 1677 182 1742 bat.
229 1675 300 1740 Non
330 1678 410 1740 idem
441 1676 598 1741 Trebellio
628 1677 767 1742 Maximo
798 1679 914 1742 honos:
951 1678 1125 1762 profugerat

119 1763 288 1841 Britannib,
315 1764 354 1828 ob
381 1764 564 1842 iracundiam
589 1765 738 1828 militum:
763 1765 870 1828 missus
896 1779 943 1828 est
968 1767 998 1830 in
1023 1766 1125 1830 locum

118 1851 186 1938 ejus
201 1850 322 1916 Vettius
338 1850 474 1914 Bolanus
489 1872 507 1912 e
525 1850 730 1932 praesentibus.
882 1861 884 1864 ’

164 1937 287 2002 LXVI.
311 1938 453 2020 Angebat
465 1935 621 2001 Vitellium
639 1937 783 2000 victarum
799 1937 952 2020 legionum
969 1939 1126 2024 haudqua-

120 2047 212 2109 quam
240 2024 348 2088 lractus
375 2024 511 2086 animus:
536 2045 645 2106 sparsae
677 2046 731 2107 per
755 2022 873 2088 ltaliam
904 2041 935 2088 et
962 2027 1124 2092 victoribus

120 2112 289 2195 permixta,
321 2111 438 2176 hostilia
467 2109 682 2194 loquebantur:
709 2110 859 2194 precipua
886 2113 1125 2196 quartadecima-

120 2220 228 2261 norum
245 2197 365 2274 lerocial,
382 2197 432 2281 qui
449 2203 503 2260 ‘se
517 2197 632 2273 victos,’
647 2197 837 2262 abnuebant:
863 2201 998 2283 ‘quippe
1015 2199 1125 2265 Bedri·
1166 2225 1170 2230 ·

118 2286 220 2348 acensi
250 2285 325 2358 acie,
350 2281 519 2348 vexillariis
537 2284 653 2348 tantbm
679 2285 782 2367 pulsis,
810 2285 887 2348 vires
913 2287 1038 2370 legionis
1061 2307 1123 2352 non

119 2371 264 2436 affuisse!
310 2371 438 2434 Remitti
469 2391 522 2434 eos
547 2371 576 2434 iu
608 2369 808 2448 Britanniam,
839 2371 920 2436 unde
950 2394 968 2436 a
998 2371 1123 2438 Nerone

114 2458 214 2522 exciti
235 2472 331 2535 erant,
355 2457 489 2540 placuit;
511 2471 602 2542 atque
626 2457 743 2520 interim
767 2457 954 2524 Batavorum
981 2460 1123 2524 cobortes

118 2543 182 2610 unit
196 2545 332 2622 tendere,
348 2545 387 2606 ob
403 2559 537 2607 veterem
554 2544 698 2608 adversius
714 2546 995 2629 quartadecimanos
1010 2546 1124 2610 discor-

118 2632 212 2696 diam.
259 2629 326 2694 Nec
351 2631 412 2708 diu,
437 2632 466 2694 in
494 2631 582 2694 tantis
609 2647 790 2696 armatorum
821 2632 908 2710 odiis,
940 2634 1025 2716 quies
1055 2631 1121 2696 luit.

118 2719 264 2802 Augustae
280 2717 493 2793 Taurinorum,
509 2717 581 2780 dum
597 2719 737 2801 opificem
754 2719 905 2802 quendam
931 2718 1067 2782 Batavus
1089 2733 1124 2782 ut

118 2805 321 2870 fraudatorem
337 2805 508 2881 insectatur,
531 2805 710 2886 legionarius
733 2819 766 2868 ut
788 2806 935 2889 hospitem
953 2820 1061 2881 tuetur,
1079 2805 1125 2868 sui

112 2893 230 2976 ‚cuique
246 2892 466 2956 commilitones
481 2891 643 2974 aggregati,
660 2892 835 2954 aconviciis
858 2892 894 2954 ad
911 2891 1024 2954 caedem
1041 2906 1122 2954 tran-

117 2980 217 3042 siere:
241 2993 272 3042 et
289 2977 420 3061 prelium
436 2991 522 3042 atrox
538 2979 709 3053 exarsisset,
727 2978 755 3039 ni
772 2979 838 3040 duae
855 2977 1003 3042 Pretoriae
1015 2978 1123 3040 cohor-

119 3081 178 3143 tes,
204 3085 327 3128 cansam
351 3064 681 3150 quartadecimanorum
708 3080 830 3140 secutae,
862 3065 907 3128 his
930 3064 1068 3126 fiduciam
1093 3079 1124 3128 et

11 3189 17 3196 ·
119 3167 236 3218 metum
264 3151 389 3216 Batavis
418 3151 581 3214 fecissent:
605 3151 712 3236 ‘quos’
737 3149 879 3214 Vitellius
905 3150 1038 3231 ‘agmini
1068 3171 1124 3214 suo

117 3238 226 3326 jungi,'
244 3253 276 3302 ut
293 3239 389 3315 fidos;
413 3238 597 3318 ‘legionem
620 3237 720 3300 Graiis
735 3238 863 3322 Alpibus
886 3238 1063 3312 traductam,
1086 3257 1126 3302 eo

122 3326 205 3390 flexu
222 3326 334 3389 itineris
349 3325 402 3388 ire'
421 3324 519 3410 jubet,
537 3332 617 3410 ‘quo
635 3323 786 3388 Viennam
811 3326 938 3388 vitarent
951 3324 969 3387 ε’
993 3343 1124 3408 namque

123 3427 154 3478 et
168 3411 361 3476 Viennenses
379 3411 571 3475 timebantur.
617 3409 728 3488 Nocte,
744 3410 805 3496 qula
820 3410 1062 3494 proficiscebatur
1082 3409 1127 3474 le-

122 3501 183 3584 gio,
199 3501 310 3564 relictis
327 3499 436 3583 passim
453 3499 580 3580 ignibuS,
593 3520 659 3581 pars
669 3498 809 3561 Taurinae
820 3497 956 3562 Colonia
968 3498 1123 3560 ambusta:

123 3588 203 3673 quod
227 3587 382 3664 dautnum,
399 3601 431 3648 ut
449 3586 591 3669 pleraque
609 3585 677 3648 belli
703 3586 791 3660 mala,
815 3584 976 3666 majoribus
990 3583 1124 3646 aliarum

121 3674 240 3739 urbium
263 3674 399 3736 cladibus
422 3673 624 3736 obliteratum.
671 3670 937 3745 Quartadecimani
962 3686 1122 3754 postquam

120 3761 252 3846 Alpibus
268 3761 400 3844 degressi
416 3773 495 3837 sunt,
519 3758 760 3824 seditiosissimus
781 3759 906 3844 quisquc
929 3758 1012 3840 signa
1027 3755 1123 3824 Vien-
