2556 4446
467 319 718 366 stomun-3001
741 321 787 364 tv.

158 459 369 524 Corneliisored
404 460 464 512 The
475 461 588 527 Capitol,
598 463 626 514 iu
635 462 722 514 which
734 477 789 514 was
800 461 843 514 the
861 461 972 527 Temple
981 462 1014 512 oi
1025 459 1129 527 Jupiter

124 541 298 606 Capitolinus,
309 543 382 594 stood
392 558 457 594 near
468 544 511 594 the
523 543 657 608 Tarpeiam
673 545 746 596 rook.

13 666 16 675 .
154 627 239 674 Juxta
248 627 335 674 tusum
345 626 429 689 Asyli]
465 625 623 675 The'Intns
633 629 772 688 Asntitwas
780 641 809 676 so
820 626 912 690 called,
920 627 1031 678 because
1039 626 1060 675 it
1069 639 1126 676 was

28 700 31 759 i
121 705 565 771 madeasanetuarybyRomulus.
599 707 621 756 It
629 708 703 757 stood
712 722 745 757 on
755 709 798 758 the
809 707 1022 772 Capitolinehili.
1122 707 1123 712 ’

156 787 317 838 Sustinentes
324 787 468 852 fastigium
478 789 585 852 aquae]
620 787 665 839 Sic
677 789 759 853 uicta,
771 789 840 854 quod
850 790 879 839 in
895 789 1044 852 aquilinum
1055 788 1127 838 simi·

15 868 29 924 .'
121 871 238 922 tudinem
249 871 434 934 effigiarentur.

153 951 219 1003 Seot.
231 953 270 1004 ta.
290 955 339 1003 Sei
346 954 435 1017 glorio
444 954 539 1017 operis]
574 953 636 1004 scil.
645 953 853 1004 consummandi.

152 1036 293 1097 Literteti]
329 1036 389 1086 Hos
400 1036 477 1086 verbo
487 1036 638 1100 designatur
654 1035 760 1100 imperii
770 1035 856 1086 forma
871 1035 947 1100 quoti,
967 1035 1064 1098 Rome,
1082 1050 1126 1086 ex·

120 1118 203 1182 pulsis
213 1118 326 1181 regibus,
336 1118 386 1168 tuit
394 1119 572 1168 constitutum.
1140 1125 1144 1129 ’

154 1201 221 1250 Sect.
232 1201 271 1251 73.
289 1203 334 1250 En
346 1201 456 1262 diuerso]
492 1201 576 1263 idest,
587 1200 738 1251 infactione
749 1201 861 1251 adversa
872 1200 978 1252 Sabino.

148 1281 216 1332 Seot.
228 1283 267 1332 77.
284 1283 417 1331 Laureont
431 1287 509 1345 gesta
522 1296 638 1346 prospere
653 1283 704 1344 rei]
745 1283 848 1334 Literas
866 1283 1006 1346 laureatas,
1023 1282 1124 1333 iudices

121 1363 246 1414 victoria.

152 1445 220 1496 Sect.
231 1446 270 1497 79.
288 1447 328 1495 Ad
337 1460 404 1496 sone
415 1447 508 1508 rubro]
542 1446 569 1497 A
577 1446 651 1510 place
667 1459 700 1494 ou
711 1443 754 1494 the
765 1444 918 1494 Flaminiam
928 1444 993 1493 road
1007 1445 1035 1494 in
1046 1445 1124 1496 Etru-

119 1529 167 1590 ria,
179 1529 241 1579 nine
250 1528 326 1578 miles
336 1529 403 1579 from
414 1530 505 1579 Rome,

149 1610 217 1660 Sect.
228 1611 268 1661 84.
287 1613 415 1674 Samene
424 1611 500 1660 uictis
510 1611 615 1671 solatia]
650 1608 793 1671 Nimirum,
805 1607 935 1673 conjuges,
950 1605 1053 1668 liberos,
1063 1619 1122 1670 pro-

3 1658 18 1703 ι’
118 1691 236 1756 pinques,
248 1701 297 1744 etc.

539 1969 641 2022 BOOK
659 1969 706 2021 IV.

149 2091 216 2142 Sect.
227 2091 251 2142 t.
270 2092 334 2141 Sero
344 2091 431 2141 etsine
441 2090 568 2151 libertate]
588 2091 662 2153 Sera,
674 2092 797 2156 quiajam
806 2092 895 2142 afflicti
903 2099 948 2141 aut
958 2091 1026 2142 nulii
1035 2099 1120 2141 erant:

115 2188 168 2224 uon
178 2174 268 2237 littera,
280 2174 343 2237 quia
350 2173 406 2224 sine
416 2173 533 2237 periculo
544 2172 654 2221 mortuis
665 2173 708 2222 vel
719 2174 844 2223 invalidis
855 2174 1036 2224 insultabatur.

148 2257 216 2306 Seet.
228 2259 251 2307 5.
270 2259 387 2306 Doctores
396 2254 543 2318 sapientise]
579 2254 680 2304 Stoicos
691 2255 817 2323 intellige.

147 2339 216 2390 Sect.
226 2342 250 2390 8.
273 2340 403 2390 Ulteriora
412 2338 521 2399 mirari]
557 2335 692 2401 Tempora
700 2338 826 2388 nimirum
836 2338 922 2388 liberae
934 2337 1090 2402 reipublice.

146 2421 214 2472 Sect.
228 2424 266 2474 14.
283 2423 429 2484 Conposita
439 2421 586 2481 seditionis]
606 2418 635 2468 Id
646 2429 691 2482 est,
702 2429 851 2484 praeparate
861 2421 931 2469 eiam
947 2427 972 2468 et
981 2419 1121 2468 instructa.

151 2504 238 2552 Tracti
247 2519 271 2553 se
281 2503 427 2562 Proeseutis]
464 2502 497 2550 Se
508 2501 624 2564 permitti
629 2516 676 2562 per
686 2506 838 2550 contemtum
849 2499 983 2549 Proiectis
992 2507 1018 2550 et
1026 2500 1122 2550 Centu-

113 2584 243 2646 rionibus;
262 2598 326 2645 quos
337 2585 381 2632 ubi
391 2582 479 2646 prada
489 2589 514 2630 et
525 2597 618 2632 cruore
629 2581 791 2642 satiaverint,
808 2581 875 2630 alios
890 2581 1005 2642 immitti,
1016 2589 1040 2630 et
1048 2567 1124 2631 inda-

108 2665 167 2728 gari
177 2678 258 2712 nouos
267 2664 347 2724 sinus,
357 2671 382 2711 et
392 2663 496 2711 diversa
507 2663 625 2726 rapiendi
636 2662 751 2711 nomina.

150 2745 303 2806 Vespasiano
313 2744 497 2806 nnuntotnros]
532 2745 604 2808 Ipsos
621 2745 736 2806 Batavos
747 2744 872 2809 petituros
889 2749 990 2794 motum
1008 2745 1040 2794 ab
1056 2743 1120 2807 ipsis

13 2810 20 2839 ³
111 2828 218 2888 bellum,
228 2827 251 2876 si
262 2826 317 2889 ejus
328 2826 453 2890 ambigua
463 2834 529 2876 esset
540 2827 653 2890 fortuna,
665 2828 761 2891 apponi
771 2828 822 2877 sibi
836 2827 926 2890 gratie
942 2827 1011 2891 apud
1022 2823 1122 2892 Vespa-

112 2923 225 2960 suenum.

142 2993 210 3042 Seot.
221 2993 350 3041 tn-Betli
360 2992 548 3052 cononmentis]
584 2989 610 3040 A
621 2991 739 3055 pluribus
749 2992 828 3042 simul
836 2991 938 3056 populis
949 2992 1103 3056 ingruentis.

141 3075 209 3123 Seet.
227 3075 266 3124 25.
285 3073 376 3135 Magis
387 3071 628 3136 nsnrponiijnris]
653 3072 860 3136 Suppleonnsn.
927 3083 930 3096 ¹

143 3155 211 3206 Seet.
221 3155 260 3206 st.
281 3156 393 3204 Cnoson
405 3170 481 3204 soon
498 3154 708 3215 dissociantitns]
743 3155 817 3206 Quia
828 3155 1024 3220 Vespasianum
1039 3157 1120 3206 male-

4 3295 7 3308 .
111 3239 181 3290 bant.

143 3319 209 3370 Seet
220 3321 259 3372 53.
276 3319 409 3369 Fetieibns
425 3318 518 3379 remis]
553 3317 595 3367 Ex
612 3317 704 3367 arbore
722 3318 802 3382 felici,
813 3319 840 3369 id
857 3326 902 3382 est,
914 3319 965 3369 diis
983 3327 1059 3382 grata
1077 3319 1120 3369 de·

3 3388 19 3449 '²2
112 3401 214 3462 oerptis,
225 3410 288 3464 puta
296 3402 382 3462 lauru,
391 3401 457 3463 olea,
467 3408 516 3450 ete.

144 3481 210 3530 Sect.
221 3484 261 3532 70.
278 3485 329 3532 Aio
347 3482 550 3546 Singularium]
584 3482 640 3534 Qui
652 3482 775 3534 videntur
791 3483 871 3534 fuisse
889 3484 988 3548 equites
1008 3483 1119 3537 honon-

112 3561 185 3612 tioris
196 3563 303 3614 militia.

142 3644 210 3692 Sect.
222 3643 261 3692 86.
282 3647 379 3694 Contra
397 3647 629 3708 interpretabatur]
664 3647 767 3704 Fietam
786 3655 812 3698 et
831 3648 865 3698 ad
882 3656 983 3714 tempus
1003 3655 1118 3699 sumtum

110 3723 238 3784 credebat,
248 3730 402 3784 mortuoque
410 3734 493 3788 patre,
502 3728 531 3778 in
541 3729 583 3778 sui
594 3727 738 3792 perniciem
750 3738 909 3794 erupturam.
