2484 4316
112 221 161 286 A.
177 219 215 287 C.
232 221 301 304 70.]
396 218 540 284 Hieron.
563 217 842 296 LreM'Qnrnrns
1060 225 1124 316 177·

121 387 152 452 id
173 385 296 469 Regno,
312 405 513 486 magnamque
533 399 563 447 et
578 385 721 470 inclytam
737 384 841 448 sedem
859 385 933 462 sore,
949 407 1015 488 qpae
1030 405 1123 450 exce·

122 475 233 558 pisset:
257 473 390 534 simul
364 493 459 534 visum
475 471 630 534 eundem'
618 493 764 570 Jnvenem
789 472 817 534 in
842 473 978 534 coelum
970 494 1039 572 igne
1056 474 1123 556 plu·

121 561 198 624 rimo
213 558 331 622 attolli)
377 557 571 635 Ptolemaeus,
595 558 695 620 omine
718 573 748 620 et
764 559 908 621 miraculo
923 560 1052 637 excitus,
1069 559 1124 622 Sa·

120 647 294 711 cerdotibus
307 645 535 729 AEgyptiorum,
556 645 662 729 quibus
685 665 751 706 mos
774 645 843 708 talia
859 645 1035 728 intelligere,
1051 667 1124 709 noc·

119 749 223 798 tureos
239 733 318 794 visus
334 731 441 816 aperit.
478 732 579 816 Atque
592 731 649 796 illis
664 729 755 794 Ponti
767 746 798 795 et
812 747 1003 795 externorum
1018 753 1124 816 parum

123 819 231 902 gnaris,
247 817 454 894 Timotheum,
470 818 703 894 Atheniensem,
719 839 737 880 e
752 832 843 901 gente
860 817 1123 903 Eumolpidarum,

123 927 226 990 quem,
257 919 289 968 nt
314 905 474 969 antistitem
502 905 748 981 cerimoniarum,
784 903 930 969 Eleusine
959 907 1122 982 exciverat,

122 999 278 1077 ‘quanam
299 992 349 1054 illa
374 991 555 1076 superstitio,
572 991 652 1075 quod
668 991 792 1054 Numen
805 991 829 1054 l'
852 993 1024 1075 interrogat.
1066 991 1123 1054 Ti·

120 1079 270 1155 motheus,
287 1079 426 1162 quesitis,
448 1079 542 1162 quiin
559 1077 691 1140 Pontum
708 1077 871 1156 meissent,
887 1079 1052 1160 cognoscit,
1073 1100 1123 1140 ur-

121 1164 191 1228 bem
207 1165 266 1227 illic
283 1165 430 1248 Sinopen,
446 1186 503 1228 nec
519 1165 621 1249 procul
639 1165 798 1246 templum,
820 1181 921 1228 vetere
942 1165 1018 1230 inter
1033 1187 1123 1228 acco·

119 1251 163 1314 las
184 1249 375 1334 sanatoris
389 1250 480 1315 Ditis.
526 1249 668 1335 Namque
685 1267 715 1313 et
731 1251 909 1314 muliebrem
925 1253 1056 1333 effigiem
1077 1273 1124 1314 as-

118 1338 235 1415 sistere,
258 1358 348 1422 quam
371 1338 505 1439 plerique
527 1335 738 1420 Proserpinam
762 1351 883 1400 vocent.
930 1338 992 1400 Sed
1017 1337 1124 1401 Ptole-

118 1445 223 1501 meus,
238 1439 272 1488 ut
286 1437 355 1486 sunt
371 1425 490 1506 ingenia
506 1421 640 1524 Regum,
665 1443 774 1506 pronus
790 1423 828 1484 ad
853 1421 1052 1500 formidinem,
1073 1425 1123 1487 ubi

118 1511 260 1576 securitas
276 1511 372 1586 rediit,
384 1511 569 1594 voluptatum
583 1530 672 1594 quarn
689 1507 864 1586 religionum
881 1525 1037 1592 appetens,
1049 1531 1123 1591 neg·

118 1598 213 1680 ligere
239 1597 381 1681 paulatim
402 1596 533 1679 aliasque
549 1595 586 1657 ed
611 1615 698 1656 curas
716 1594 849 1656 animum
865 1611 1002 1659 vertere.
1025 1595 1124 1659 donec

118 1683 228 1746 eadem
245 1683 373 1766 species,
397 1679 584 1746 terribilior
571 1703 636 1781 Jam
659 1695 690 1744 et
713 1681 909 1758 instantior,‘
920 1682 1043 1744 exitium
1068 1682 1123 1767 ipsi

119 1767 301 1852 Regnoque'
315 1769 539 1844 denuntiaret,‘
549 1769 578 1830 ni
590 1767 673 1852 jussa
689 1783 886 1851 patrarentur
889 1767 898 1797 '
942 1767 1025 1831 Turn
1041 1769 1124 1868 lega-

118 1870 165 1920 tos
182 1867 213 1918 et
225 1854 303 1917 dona
318 1853 574 1937 Scydrothemidi,
588 1853 680 1936 Regi,
697 1853 737 1939 (is
752 1869 823 1919 tune
838 1854 1074 1940 Sinopensibus
1068 1877 1123 1918 rm-

119 1939 280 2027 peritabat)
298 1941 434 2026 expediri
445 1941 553 2027 J‘uhet:
578 1941 771 2026 praecipitque
783 1943 975 2026 navigaturis,
992 1949 1042 2006 ‘ut
1058 1941 1123 2025 Py-

117 2029 213 2094 thium
230 2029 423 2112 Appollinem
453 2027 585 2092 adeant.’
639 2027 699 2092 lllis
729 2050 812 2092 mare
841 2029 1028 2092 secundum:
1059 2050 1123 2093 sors

117 2115 231 2180 oraculi
250 2116 331 2179 haud
355 2116 512 2200 ambigua:
544 2113 656 2192 ‘lrent,
681 2115 934 2200 simulacrumque
960 2115 1123 2201 patrissui

117 2203 308 2278 reveherent,
324 2203 432 2268 sororis
448 2201 671 2287 relinquerent.'

162 2287 353 2353 LXXXIV.
377 2288 422 2354 Ut
438 2289 573 2374 Sinopen
589 2289 710 2366 vendre,
737 2310 871 2366 munera,
896 2309 1053 2374 preces,
1038 2310 1123 2352 man-

118 2376 187 2441 data
203 2376 298 2458 Regis
313 2399 358 2440 sur
350 2377 622 2461 Scydrothemidi
639 2378 778 2460 allegant.
824 2375 887 2450 Qui
903 2397 1007 2440 versus
1022 2377 1123 2453 animi,

110 2462 210 2527 modi>
231 2463 354 2527 Numen
378 2486 554 2552 pavescere,
581 2463 673 2527 modb
697 2464 784 2527 minis
810 2463 994 2527 adversantis
1020 2463 1122 2547 populi

118 2551 242 2614 terreri:
274 2551 353 2651 saepb
384 2551 469 2614 donis
495 2551 707 2637 promissisque
736 2551 902 2632 legatorum
934 2549 1132 2614 flectebatur

117 2637 252 2722 Atque
245 2638 362 2700 interim
389 2639 516 2702 triennio
542 2653 661 2714 exacto,
686 2637 870 2700 Ptolemaeus
892 2659 951 2700 non
978 2637 1121 2712 studium,

117 2745 177 2787 non
208 2744 326 2824 preces,
351 2725 500 2788 omittere.
545 2723 734 2808 Dignitatem
759 2724 937 2823 legatorum,
962 2744 1121 2786 numerum

118 2811 249 2887 navium,
265 2832 328 2874 aun
320 2811 463 2895 pondus
478 2802 618 2893 augebat.
663 2809 745 2874 Tum
762 2811 863 2872 minax
880 2809 972 2872 iacies
988 2809 1122 2891 Scydro-

119 2896 243 2961 themidi
255 2898 411 2974 offertur,‘
423 2919 460 2961 ne
473 2898 617 2962 destinata
629 2897 700 2960 Deo
710 2895 787 2961 ultra
798 2895 984 2960 moraretur?
1017 2894 1122 2958 Cunc-

30 2997 33 3004 ’
117 2997 232 3048 tantem
250 2985 329 3048 varia
345 2984 493 3068 pernicies
509 2984 665 3069 morbique
678 2999 706 3047 et
723 2981 878 3046 manifesta
894 2981 1086 3080 coelestium
1079 3001 1122 3044 tra

117 3071 295 3155 graviorque
322 3071 350 3132 in
375 3071 442 3134 dies
464 3070 616 3153 fatigabat.
657 3068 814 3133 Advocati
836 3070 1010 3170 concione,
1022 3066 1122 3152 ‘jussa

117 3155 258 3220 Numinis
269 3178 339 3220 suos
355 3155 617 3242 Ptolemaeique
591 3178 680 3232 visus,
696 3156 862 3240 ingruentia
879 3155 967 3218 mala'
985 3154 1121 3238 exponit.

117 3241 235 3326 Vulgus
256 3243 407 3306 adversari
423 3242 556 3324 Regem,
580 3243 715 3306 invidere
731 3243 880 3326 AEgypto,
904 3242 959 3305 sibi
986 3257 1121 3305 metuere

116 3329 326 3428 templumque
341 3331 565 3393 circumsidere.
611 3328 790 3414 Majorhinc
801 3329 881 3391 sama
892 3327 1022 3405 tradidit,
1038 3327 1121 3390 ‘De

115 3437 168 3478 um
184 3415 282 3500 ipsum
298 3417 438 3500 appulsae
452 3417 541 3481 littori
558 3437 652 3479 naves
663 3431 769 3500 sponte
781 3415 1017 3516 conscendisse)
1062 3413 1122 3478 Mi-

115 3523 183 3566 rum
199 3503 269 3564 inde
286 3503 379 3579 dictu,
404 3503 492 3567 tertio
513 3503 573 3580 die,
600 3516 715 3564 tentum
739 3503 829 3565 maris
844 3501 970 3579 emensi,
987 3501 1121 3564 Alexan·

116 3588 211 3651 driam
228 3589 428 3672 appellentur.
474 3587 640 3672 Templum
668 3610 722 3670 pro
740 3587 945 3669 magnitudine
968 3587 1050 3650 urbis
1064 3608 1120 3649 ex·

108 3689 262 3739 structum
284 3675 363 3752 loco,
386 3675 561 3751 cuinomen
578 3673 745 3736 Rhacotis:
775 3673 872 3737 suerat
888 3675 947 3736 illic
962 3673 1119 3746 sacellum,

115 3760 253 3849 Serapidi
269 3775 359 3848 atque
374 3761 444 3827 lsidi
467 3759 627 3848 antiquitds
641 3773 803 3824 sacratum.
849 3759 927 3824 Haec
942 3759 981 3822 de
1002 3758 1116 3840 origine
