2514 4318
113 195 177 260 182
448 193 487 260 C.
511 193 621 260 Cora.
643 191 768 259 Taomr
911 192 1027 277 [A.U.
1040 195 1117 260 823.

112 384 172 450 que
192 360 400 426 interiturum)
446 359 541 444 Igitur
561 360 642 424 nulla
658 360 817 424 simulacra
835 360 959 424 urbibus
973 361 1047 439 suis,
1064 383 1120 425 ne·

113 453 186 514 dum
209 449 340 533 templis,
371 447 482 512 sinunt.
528 445 598 511 Non
627 446 766 531 Regibus
790 448 854 512 baec
883 449 1029 526 adulatio,
1055 471 1118 512 non

113 536 284 602 Cesaribus
300 536 405 598 bonor.
452 534 526 610 Sed,
542 535 611 620 quia
628 533 809 598 Sacerdotes
827 555 930 598 eorum
945 535 1021 598 tibia
1035 549 1121 618 tym-

112 625 260 710 panisque
277 622 489 699 concinebant,
512 620 627 684 bederb
642 621 859 699 vinciebantur,
876 623 1003 706 vitisque
1024 641 1121 686 aurea

111 711 226 794 templo
242 723 369 794 reperta,
380 715 387 746 ‘
400 707 546 772 Liberum
559 724 673 792 patrem
685 708 754 784 coli,
763 707 942 772 domitorem
956 707 1118 787 Orientis,'

113 797 234 884 quidam
251 796 379 860 arbitrati
395 809 475 872 sunt,
495 794 687 880 nequbquam
707 795 939 878 congruentibus
954 795 1118 860 institutis:

114 891 228 970 quippe
245 881 339 946 Liber
354 881 446 945 festos
462 882 606 967 letusque
628 883 702 945 ritus
718 881 836 966 posuit;
859 881 1034 946 Judaeomm
1050 903 1121 946 mos

113 972 259 1035 absurdus
274 968 483 1054 sordidasque.

155 1057 212 1120 Vl.
235 1056 334 1120 Terra
352 1056 499 1140 finesque,
522 1055 583 1140 qud
605 1054 642 1118 ad
662 1053 822 1120 Orientem
846 1070 982 1139 vergunt,
1001 1055 1120 1120 Arabib

112 1145 330 1220 terminantur3
353 1141 671 1226 ameridieAEgyptus
685 1141 824 1227 objace13
848 1143 887 1206 ab
898 1163 1008 1207 occasu
1017 1143 1119 1207 Pboe-

112 1232 196 1296 nices
212 1244 243 1293 et
259 1250 362 1302 maret
382 1230 631 1312 septemtrionem
648 1229 778 1292 a'larere
801 1229 897 1314 Syriae
919 1230 1010 1314 longe
1031 1251 1121 1315 pros·

113 1331 248 1403 pectant.
294 1315 433 1401 Corpora
450 1317 605 1380 bominum
622 1315 751 1380 salubria
770 1331 802 1379 et
817 1316 943 1380 ferentia
958 1317 1120 1382 laborum:

112 1406 169 1470 rari
187 1405 307 1481 imbres,
323 1404 398 1466 uber
413 1403 531 1467 solum:
555 1401 655 1486 fruges
678 1420 810 1466 nostrum
827 1404 864 1466 ad
881 1425 1018 1481 morem;
1042 1425 1121 1490 prae·

112 1509 218 1578 terque
238 1512 289 1555 eas
316 1491 482 1554 balsamum
507 1505 537 1554 ct
560 1491 678 1575 palmae.
725 1489 871 1554 Palmatis
898 1491 1061 1574 proceritas
1085 1505 1119 1556 et

113 1581 217 1644 decor.
262 1577 440 1642 Balsamum
464 1577 583 1641 modica
609 1577 717 1640 arbor:
739 1591 772 1640 ut
798 1578 926 1662 quisque
952 1599 1053 1642 ramus
1072 1578 1120 1642 in·

113 1668 232 1745 tumuit,
248 1666 272 1730 si
290 1666 348 1728 vim
365 1664 433 1729 ferri
448 1665 603 1741 adhibeas,
626 1679 736 1749 pavent
752 1685 858 1742 venae3
881 1663 1026 1747 fragmine
1042 1665 1120 1750 lapi·

114 1755 160 1818 dis
181 1768 232 1817 aut
258 1752 552 1837 testasaperiunrur:
576 1753 683 1814 humor
703 1752 732 1816 in
755 1773 811 1816 usu
839 1752 1027 1816 medentium
1057 1768 1117 1822 est,

17 1893 22 1901 .
113 1839 305 1924 Praecipuum
327 1841 471 1904 montium
496 1839 646 1902 Libanum
663 1838 759 1919 erigit,
783 1839 890 1901 mirum
908 1839 1001 1916 dictu,
1017 1854 1116 1904 tantos

114 1929 196 1990 inter
211 1926 333 1988 ardores
344 1921 473 2011 opacum
486 1926 641 2010 fidumque
653 1925 781 1988 nivibus.
815 1925 901 1988 Idem
918 1947 1038 1989 amnem
1048 1925 1120 1990 Jor-

112 2013 222 2077 danem
250 2012 302 2075 alit
326 2010 495 2096 funditque.
541 2011 611 2076 Nec
636 2010 786 2075 Jordanes
812 2013 921 2096 pelago
947 2013 1116 2096 accipitur:

112 2100 276 2164 sedunum
297 2100 529 2184 atqueaftemm
552 2099 651 2162 lacum
674 2099 790 2181 integer
813 2099 944 2182 perfluit,
960 2101 1048 2164 tertio
1070 2121 1120 2162 re-

112 2187 233 2251 tinetur.
278 2185 381 2250 Lacus
411 2187 560 2250 immenso
589 2186 712 2260 ambitu,
742 2186 845 2270 specie
876 2187 976 2262 maris,
1010 2207 1119 2268 sapore

112 2273 291 2356 corruptior,
322 2274 467 2356 gravitate
492 2272 591 2336 odoris
617 2272 727 2334 accolis
750 2271 883 2356 pestifer,
908 2295 1009 2356 neque
1025 2287 1120 2338 vento

113 2361 289 2444 impellitur,
305 2381 405 2444 neque
422 2361 520 2445 pisces
545 2373 595 2421 aut
618 2373 719 2420 suetas
740 2359 824 2443 aquis
841 2359 980 2423 volucres
992 2361 1120 2444 patitur.

113 2448 240 2512 Incertae
257 2446 343 2509 undae
364 2445 541 2530 superjacta,
566 2459 598 2507 ut
617 2444 728 2520 solido,
745 2444 863 2509 ferunt:
887 2446 972 2528 periti
994 2448 1120 2531 imperi-

112 2535 197 2618 tique
212 2532 303 2595 nandi
320 2532 444 2616 perinde
460 2531 644 2596 attolluntur.
690 2529 786 2594 Certo
802 2533 870 2595 anni
887 2535 1022 2597 bitumen
1044 2555 1121 2616 ege·

112 2621 168 2686 rit:
193 2617 279 2703 cujus
290 2618 411 2701 legendi
423 2639 522 2695 usurn,
533 2633 564 2682 ut
576 2633 691 2682 ceteras
703 2635 791 2696 artes,
803 2621 991 2704 experientia
1003 2620 1119 2686 docuit.

112 2709 191 2772 Ater
205 2705 312 2790 subpte
328 2704 435 2768 natura
449 2706 556 2791 liquor,
579 2719 610 2768 et
625 2726 730 2788 sparso
741 2720 829 2769 aceto
844 2723 1013 2784 concretus,
1033 2707 1121 2772 inna-

109 2809 175 2860 tat:
199 2795 279 2857 lrunc
296 2814 386 2858 manu
410 2809 545 2875 captum,
561 2793 669 2877 quibus
684 2813 721 2855 ea
743 2813 825 2870 cura,
842 2793 871 2855 in
891 2815 1009 2858 summa
1024 2795 1113 2860 navis

114 2883 246 2947 trabunt.
291 2879 378 2958 Inde,
405 2881 486 2944 nullo
512 2879 650 2965 juvante,
681 2878 787 2956 influit,
818 2897 993 2966 oneratque,
1017 2881 1119 2946 donec

114 2969 293 3034 abscindas:
318 2989 376 3031 nec
392 2967 569 3030 abscindam
593 2988 649 3028 aere
666 2964 783 3029 ferrove
800 2967 917 3049 possis:
940 2967 1014 3050 fugit
1028 2989 1120 3033 cruo-

113 3079 178 3121 rem
197 3069 374 3141 vestemque
389 3053 531 3118 infectam
547 3053 702 3134 sanguine,
719 3075 779 3138 quo
791 3053 920 3118 foenrinae
934 3076 1118 3138 permenses

115 3144 330 3208 exsolvuntur:
354 3142 399 3205 sie
422 3157 541 3206 veteres
570 3155 719 3204 auctores.
775 3139 836 3203 Sed
867 3142 951 3222 gnari
980 3143 1117 3208 locorum

115 3230 246 3306 tradunt,
263 3229 410 3292 undantes
430 3229 575 3291 bitumine
594 3227 691 3292 moles
712 3228 793 3311 pelli,
810 3248 963 3313 manuque
978 3229 1054 3292 trabi
1077 3230 1117 3294 ad

115 3317 215 3382 littus:
240 3337 324 3393 mox,
340 3317 389 3379 ubi
403 3337 514 3399 vapore
530 3331 626 3392 terrm,
639 3315 666 3376 vi
681 3315 763 3391 solis,
774 3315 948 3392 inaruerint,
962 3316 1117 3380 securibus

116 3404 292 3488 cuneisque,
308 3417 340 3467 ut
355 3403 455 3466 trabes
471 3417 522 3466 aut
535 3423 619 3480 saxa,
636 3401 774 3466 discindi.

158 3488 231 3553 Vll.
256 3488 348 3552 Haud
366 3489 470 3572 procul
485 3490 555 3553 inde
570 3490 682 3574 campi,
699 3511 773 3576 quos
795 3487 894 3552 ferunt
909 3489 979 3552 olim
996 3489 1115 3568 uberes,

116 3577 293 3662 magnisque
319 3576 441 3641 urbibus
471 3577 628 3655 habitatos,
651 3575 809 3640 fulminum
834 3575 917 3662 jactu
938 3577 1062 3655 arsisse;
1086 3591 1118 3640 et

116 3685 239 3728 manere
263 3663 399 3746 vestigia,
425 3677 535 3728 terram
557 3685 597 3728 ue
623 3665 731 3748 ipsam,
758 3665 860 3750 specie
886 3664 1038 3741 torridam,
1055 3664 1116 3728 virn

117 3751 288 3836 frugiferam
304 3751 481 3836 perdidisse.
526 3687 607 3816 llam
619 3765 729 3817 cuncta
740 3765 849 3838 sponte
861 3751 952 3830 edita,
963 3765 1014 3816 aut
1026 3771 1117 3816 manu
