2516 4250
150 203 237 302 48Ι
491 235 533 300 C.
556 233 665 301 Cous.
687 234 812 300 Tscrrr
939 235 996 318 [A.
1012 233 1056 298 U.
1072 236 1151 300 822.
1231 244 1237 259 '

145 420 219 481 turn,
235 401 389 478 industriis,
405 400 534 476 licentii,
558 423 613 487 per
627 403 759 478 virtutes,
777 421 830 485 per
844 399 1020 486 voluptates,
1032 416 1065 466 ut
1079 403 1146 466 cui·

146 512 206 575 que
223 489 383 572 ingenium,
397 489 629 552 asciscebantur.

189 574 246 636 Vl.
272 577 441 657 Antequam
462 573 552 638 Titus
575 575 758 649 adventaret,
774 587 994 637 sacramentum
1015 573 1145 639 Othonis

146 677 306 744 acceperat
322 677 447 742 uterque
457 660 618 737 exercitus,
632 659 839 743 pree-ipitibus,
851 676 881 722 ut
891 660 1009 735 assolet,
1023 661 1141 738 nuntiis,
1239 668 1243 682 '

146 763 177 810 et
198 747 284 810 tardb
306 747 385 808 mole
408 746 501 809 civilis
525 746 603 820 belli,
627 747 706 830 quod
731 745 819 828 longit
839 744 1003 808 concordii
1025 745 1142 828 quietus
1240 738 1243 803 ἶ

146 832 257 895 Oriens
275 847 347 894 tunc
370 831 499 914 primurn
522 833 654 916 parabat.
700 831 841 914 Namque
864 831 934 894 olirn
961 831 1142 895 validissima
1240 868 1245 915 2

145 919 222 982 inter
237 940 270 980 se
285 918 395 980 civium
419 938 512 994 arma,
528 919 556 980 in
573 917 658 981 ltaliis
673 916 821 993 Galliave,
838 918 947 979 viribus
963 916 1141 982 Occidentis
1240 920 1245 955 ²

145 1021 257 1088 coepta.
303 1002 345 1066 Et
361 1003 520 1086 Pompeio,
535 1003 651 1080 Cassio,
664 1003 771 1080 Bruto,
788 1004 929 1078 Antonio,
946 1025 1021 1086 quos
1035 1024 1142 1068 omnes

144 1107 225 1155 trans
242 1111 325 1152 mare
341 1105 477 1152 secutum
494 1105 539 1153 est
553 1091 640 1152 civile
656 1090 777 1163 bellum,
793 1089 871 1150 haud
896 1089 1029 1172 prosperi
1044 1089 1143 1154 exitus
1243 1078 1247 1133 ἶ

145 1176 272 1240 suerent.
317 1176 481 1259 Auditique
507 1176 615 1260 sapitis
638 1176 667 1238 in
694 1174 783 1258 Syrid
803 1173 971 1258 Judaesque
993 1174 1141 1250 cesares,

145 1263 235 1348 quarn
263 1261 399 1344 inspecti.
446 1261 535 1323 Nulla
551 1261 658 1325 seditio
674 1261 822 1342 legionum
837 1282 844 1322 :
867 1261 981 1323 tantiam
999 1261 1142 1324 adversus

144 1349 275 1412 Parthos
288 1349 383 1423 minae,
395 1347 476 1409 vario
485 1363 605 1412 eventu.
630 1347 671 1410 Et
682 1347 818 1429 proximo
830 1347 910 1409 civili
920 1347 1008 1421 bello,
1019 1347 1142 1410 turbatis

145 1436 219 1510 aliis,
232 1435 406 1496 inconcussa
420 1434 457 1495 ibi
470 1454 549 1517 pax:
572 1433 640 1495 dein
654 1433 729 1496 fides
741 1453 811 1515 erga
825 1432 965 1494 Galbam.
999 1433 1085 1509 Mox,
1097 1448 1140 1508 ut,

147 1520 322 1584 ‘Othonem
346 1541 381 1581 ac
396 1517 550 1582 Vitellium
572 1519 707 1582 scelestis
723 1520 812 1581 armis
833 1540 879 1580 res
896 1519 1051 1582 Romanas
1073 1539 1142 1602 rap·
1247 1522 1252 1537 '

145 1623 209 1671 turn
233 1605 298 1682 it·e,'
316 1606 468 1690 vulgatum
484 1621 540 1681 est,
557 1627 594 1668 ne
616 1625 709 1687 penes
724 1619 844 1667 ceteros
866 1604 986 1686 Imperii
1011 1605 1140 1688 premia,

144 1715 239 1778 penes
261 1695 341 1775 ipsos
356 1691 468 1755 tantiun
485 1692 594 1756 servitii
617 1691 780 1754 necessitas
800 1708 889 1765 esset,
907 1691 1035 1752 sternere
1057 1689 1142 1753 miles

145 1795 176 1842 et
198 1781 276 1842 vires
297 1799 367 1840 suas
389 1779 630 1861 circumspicere.
677 1777 803 1860 Septem
828 1777 961 1859 legiones
987 1777 1086 1839 statim
1110 1789 1142 1838 et

145 1885 215 1926 oum
247 1864 414 1946 ingentibus
437 1865 554 1926 auxiliis
578 1863 665 1947 Syria
688 1862 876 1946 Judaeaque:
902 1863 972 1924 inde
1002 1863 1143 1924 continua
1248 1884 1251 1895 ·

145 1949 296 2042 AEgyptus
312 1949 438 2031 duaeque
454 1948 606 2030 legiones:
632 1949 701 2009 hinc
717 1947 912 2031 Cappadocia
925 1947 1100 2032 Pontusque
1112 1963 1144 2010 et
1246 1958 1247 1964 ’

144 2034 286 2118 quicquid
302 2049 468 2096 castrorum
486 2033 638 2095 Armeniis
651 2035 854 2116 pretenditur.
900 2034 972 2094 Asia
985 2049 1014 2094 et
1034 2048 1144 2096 ceterae
1248 2056 1253 2111 ;

145 2120 316 2204 provincie,
333 2139 390 2180 nec
403 2119 532 2180 virorum
549 2119 653 2202 inopes
668 2134 698 2182 et
710 2119 844 2202 pecuniae
856 2119 1026 2200 opulentae:
1051 2137 1146 2199 quao-
1250 2126 1254 2169 ἰ

144 2222 209 2271 turn
225 2206 384 2268 insularum
406 2205 479 2266 mari
502 2205 639 2286 cingitur,
657 2219 687 2266 et
702 2205 843 2288 parando¹
858 2203 975 2265 interim
999 2201 1078 2264 bello
1093 2221 1142 2264 se·

146 2293 278 2360 cundum
292 2305 447 2373 tutumque
464 2290 560 2373 ipsum
576 2311 670 2353 mare.

187 2376 261 2439 V11.
286 2375 355 2439 Non
372 2375 492 2440 fallebat
506 2375 612 2440 Duces
634 2377 764 2460 impetus
780 2375 924 2436 militum:
948 2371 1013 2448 sed,
1029 2371 1143 2436 bellan-

143 2465 224 2528 tibus
240 2463 313 2538 aliis,
332 2463 606 2545 placuitexpectari
624 2462 692 2524 belli
709 2462 841 2524 exitum:
866 2459 1016 2521 ‘victores
1032 2459 1143 2522 victos·

146 2571 205 2636 que
222 2570 374 2633 nunquam
389 2547 554 2611 sotidtfide
566 2549 755 2610 coalescere:
779 2567 836 2608 nee
851 2543 972 2620 referre,
984 2542 1142 2607 Vitellium

146 2659 183 2699 an
200 2635 352 2698 Othonem
365 2635 554 2718 superstitem
567 2632 702 2696 Fortuna
714 2631 837 2694 laceret.
884 2631 991 2694 Rebus
1002 2630 1144 2694 secundis

146 2724 234 2787 etiarn
252 2723 388 2804 egregios
409 2719 515 2783 Duces
538 2719 737 2782 insolescere:
761 2717 939 2790 discordiam
956 2718 1010 2791 bis,
1027 2717 1142 2798 ignavi·

147 2831 206 2884 am,
219 2809 387 2871 luxuriem:
410 2823 440 2869 et
455 2807 578 2869 suismet
593 2805 668 2866 vitiis
684 2803 810 2866 alterurn
830 2803 920 2879 bello,
937 2804 1062 2864 alterum
1080 2805 1142 2864 vic·

145 2894 223 2958 tnriia
252 2892 436 2976 periturum.'
483 2890 576 2972 Igitur
604 2910 687 2952 arma
710 2890 739 2952 in
769 2891 957 2952 occasionem
986 2887 1142 2964 distulere,

146 2978 351 3062 Vespasianus
367 2977 587 3061 Mucianusque
600 2997 708 3058 nuper,
722 2977 813 3038 ceteri
829 2977 899 3038 olim
922 2975 1022 3036 mixtis
1044 2973 1143 3036 consi·

145 3068 211 3130 liis:
233 3066 362 3148 optimus
377 3065 503 3148 quisque
526 3083 627 3124 amore
652 3062 860 3146 Reipublicae:
884 3062 992 3124 multos
1012 3058 1145 3120 dulcedo

145 3153 312 3238 praedarum
328 3151 516 3228 stimulabat3
539 3149 612 3211 alios
634 3150 779 3232 arnbiguae
802 3149 882 3210 donri
899 3169 958 3209 res.
1006 3143 1051 3204 lta
1072 3142 1144 3204 boni

146 3240 277 3322 malique
299 3237 396 3300 causis
413 3235 546 3312 diversis,
569 3235 667 3298 studio
684 3236 757 3320 pari,
779 3235 889 3297 bellurn
912 3249 1017 3292 onrnes
1039 3228 1144 3312 cupie-

147 3326 228 3388 bant.

91 3447 92 3450 =
165 3473 169 3482 ,
188 3409 278 3472 Vlll.
303 3409 366 3470 Sub
382 3408 461 3470 idern
478 3421 596 3491 tempus
613 3407 731 3470 Achaia
746 3419 836 3488 atque
854 3403 924 3466 Asia
949 3398 1022 3460 salsb
1042 3412 1145 3462 exter·

145 3499 216 3572 ritae,
233 3497 313 3558 velut
328 3495 412 3558 Nero
428 3495 620 3557 adventaret:
644 3494 724 3556 vario
733 3512 826 3574 super
837 3490 918 3552 exitu
935 3487 1000 3567 ejus
1013 3507 1143 3561 rumore,

146 3584 244 3667 obque
258 3582 389 3664 pluribus
401 3581 501 3644 vivere
513 3603 583 3643 eurn
595 3579 771 3663 fingentibus
783 3575 1046 3658 credentibusque.
1079 3570 1144 3634 Ce-

145 3686 277 3732 terorum
304 3689 391 3731 casus
417 3684 601 3750 conatusque
628 3667 656 3728 in
687 3678 830 3727 contextu
860 3661 959 3745 operis
984 3661 1145 3722 dicemus:

145 3771 216 3818 tunc
231 3776 335 3818 servus
361 3775 378 3817 e
403 3753 512 3832 Ponto,
535 3755 608 3830 sive,
636 3765 667 3816 ut
693 3751 739 3814 alii
754 3749 915 3826 tradidere,
936 3745 1088 3811 libertinus
1103 3763 1145 3806 ex
