2508 4254
146 219 188 284 A.
205 213 332 302 Qua]
437 215 580 280 Hrsaoa.
608 213 683 280 Lrs.
707 213 873 279 Tanarus.
1090 213 1153 278 125

145 383 333 458 cumsistunt,
350 395 382 444 ct
397 378 558 454 Quintium
575 379 721 456 Atticum,
738 378 918 455 Consulem,
933 377 1041 442 umbrb
1056 379 1154 442 hono-

144 470 184 532 ris
200 483 231 532 et
246 467 366 532 sudmet
382 469 513 530 vanitate
536 482 747 539 monstratum,
771 465 851 550 qubd
877 466 975 528 edicta
999 467 1029 528 in
1055 487 1154 550 popu·

142 556 216 632 bum,
244 577 300 638 pro
315 553 505 639 Vespasiano
526 553 695 635 magnifica,
724 555 866 636 probrosa
889 552 1031 616 adversius
1057 551 1150 616 Vitel-

45 665 47 672 ’
143 642 227 718 lium,
241 641 371 727 jecerat.
413 641 517 705 Ceteri
533 661 589 724 per
603 641 699 703 varios
715 661 802 702 casus
815 639 926 722 elapsi:
951 640 1071 724 quidam
1088 659 1151 702 ser·

143 729 195 792 vili
211 728 325 804 babitu,
342 728 389 790 alii
405 727 464 790 iide
479 727 634 790 clientium
650 726 791 803 contecti,
813 741 844 790 et
859 727 935 788 inter
950 727 1082 790 sarcinas
1097 725 1150 788 ab·

143 815 208 878 diti.
254 813 368 890 Fuere,
394 814 455 899 qui,
473 827 608 896 excepto
625 811 854 877 Vitellianorum
872 813 967 896 signo,
992 834 1051 896 quo
1074 813 1150 876 iuter

143 922 177 965 se
193 901 405 976 noscebantur,
426 899 504 963 ultrb
519 901 680 984 rogitantes
701 899 968 984 respondentesve,
993 899 1149 962 audaciam
1222 957 1226 968 .

143 1007 200 1072 pro
215 987 332 1050 latebrb
347 987 503 1050 haberent.
530 1045 532 1050 .

145 1107 152 1112 ·
186 1071 346 1136 LXXIV.
368 1073 570 1150 Domitianus,
598 1073 695 1158 primb
718 1073 881 1156 irruptione
904 1073 984 1156 apud
1006 1075 1148 1137 aedituum

143 1161 323 1238 occultatus,
339 1159 460 1224 solertid
475 1161 583 1237 liberti,
607 1161 688 1223 lineo
704 1161 813 1224 amictu
830 1159 921 1224 turbae
937 1161 1146 1224 sacricolarum

37 1245 41 1252 ’
143 1247 299 1310 immixtus
322 1247 545 1332 ignoratusque,
570 1247 650 1331 apud
675 1247 850 1310 Cornelium
874 1245 1022 1324 Primum,
1051 1263 1150 1331 patet·

143 1355 215 1397 num
231 1333 385 1410 clientem,
397 1332 486 1418 juxta
504 1332 681 1409 Velabrum,
705 1334 833 1396 delituit.
872 1334 920 1395 Ac
947 1335 1079 1417 potiente
1103 1355 1150 1398 re·

141 1441 207 1484 rum
227 1435 319 1503 patre,
336 1419 463 1504 disjecto
479 1420 577 1483 editui
593 1421 801 1496 contubernio,
825 1418 978 1482 modicum
1001 1421 1147 1484 sacellum

142 1526 214 1569 sovr
231 1527 495 1581 cousnuvanom,
519 1527 661 1592 aramque
677 1507 786 1590 posuit,
812 1526 900 1568 casus
921 1527 992 1570 suos
1018 1507 1047 1568 in
1071 1528 1149 1570 mar·

141 1613 225 1656 more
241 1603 430 1677 expressam.
476 1592 564 1669 Mox,
582 1592 744 1676 imperinm
762 1592 900 1675 adeptus,
913 1614 984 1655 sorr
1002 1615 1147 1656 cusronr

142 1679 290 1764 templum
314 1679 429 1762 ingens,
457 1701 551 1764 seque
567 1680 596 1742 in
613 1681 677 1742 sinu
696 1678 756 1740 Dei
780 1679 918 1742 sacravit.
964 1675 1094 1744 Sabinus
1117 1693 1148 1744 et

141 1765 272 1843 Atticus,
288 1766 402 1828 onerati
417 1767 533 1829 catenis
556 1782 585 1829 et
608 1765 646 1828 ad
664 1763 820 1828 Vitellium
837 1765 929 1842 ducti,
954 1765 1146 1850 nequaquam

141 1851 251 1915 infesto
265 1873 404 1915 sermone
421 1853 566 1937 vultuque
582 1853 784 1936 excipiuntur,
808 1851 1014 1929 frementibus,
1036 1855 1085 1937 qui
1097 1853 1147 1939 jus

141 1939 242 2013 cadis,
272 1953 303 2003 et
332 1939 454 2023 premia
483 1953 598 2001 navatae
621 1961 731 2022 operae,
758 1938 912 2023 petebant.
958 1937 1102 2003 Clamore
1129 1961 1147 2004 a

141 2025 286 2110 proximis
296 2040 374 2102 orto,
390 2025 509 2090 sordida
526 2047 594 2109 pars
610 2026 706 2111 plebis
721 2025 902 2109 supplicium
916 2024 1017 2088 Sabini
1034 2047 1146 2110 expos·

141 2113 193 2188 cit,
218 2112 314 2174 minas
335 2111 583 2197 adulationesque
603 2113 720 2176 miscet.
766 2111 901 2176 Stantem
930 2133 984 2196 pro
1007 2113 1147 2194 gradibus

141 2199 243 2283 palatii
257 2197 426 2274 Vitellium,
441 2213 473 2260 et
489 2219 596 2282 preces
611 2213 777 2284 parantem,
795 2197 962 2283 pervicere,
978 2213 1011 2262 ut
1023 2200 1147 2266 absiste·

141 2299 199 2348 ret.
243 2283 327 2348 Tum
342 2284 516 2348 confossum
531 2285 818 2370 collaceratumque,
838 2298 869 2348 et
884 2287 982 2370 capite
997 2301 1145 2365 truncum,

140 2391 252 2455 corpus
266 2370 369 2434 Sabini
385 2371 415 2434 iu
431 2370 598 2436 Gemonias
609 2373 741 2436 trahunt.
944 2419 947 2422 -

143 2493 146 2498 ·
185 2456 323 2521 LXXV.
347 2456 408 2522 Hic
432 2459 532 2520 exitus
549 2459 602 2522 viri
627 2459 706 2529 haud
730 2459 802 2522 sane
825 2459 1001 2551 spernendb
1046 2459 1146 2535 Quin·

142 2566 201 2630 que
217 2559 249 2608 et
263 2544 381 2628 triginta
396 2545 546 2628 stipendia
570 2545 599 2608 in
625 2543 801 2630 Republicb
817 2545 939 2623 fecerat,
964 2546 1045 2610 domi
1069 2549 1146 2612 mili·
1248 2609 1249 2614 ,

141 2633 250 2716 tiaeque
261 2631 377 2694 clarus:
401 2631 601 2695 innocentiam
613 2631 821 2723 justitiamque
833 2631 899 2717 ejus
911 2654 970 2696 non
983 2655 1123 2715 argueres
1137 2659 1145 2699 ε

140 2719 287 2782 sermonis
302 2718 410 2781 nimius
425 2732 501 2781 erat.
540 2717 575 2780 ld
591 2741 684 2782 nntrm
701 2735 817 2802 septem
834 2719 929 2796 annis,
941 2721 1048 2804 quibus
1064 2719 1146 2785 Moea

141 2805 226 2881 siam,
242 2804 415 2882 duodecim,
431 2805 538 2890 quibus
552 2804 765 2868 Praesecturam
783 2806 863 2868 urbis
878 2805 1016 2883 obtinuit,
1031 2807 1146 2871 calum·

140 2892 236 2956 nialus
251 2906 298 2956 est
313 2912 423 2954 rumor.
468 2890 502 2954 lu
519 2891 577 2954 fine
594 2892 660 2954 vitae
676 2892 724 2954 alii
740 2912 875 2973 segnem,
899 2893 985 2954 multi
1007 2893 1145 2957 modera-

141 2993 204 3042 tum
231 2991 262 3042 et
287 2978 397 3042 civium
414 2978 567 3057 sauguinis
589 2998 712 3060 parcum
735 2976 903 3040 credidere.
950 2976 1044 3051 Quod
1068 2981 1144 3045 inter

140 3085 247 3128 omnes
267 3064 440 3142 constiterit,
457 3079 526 3126 ante
543 3063 748 3148 Principatum
766 3062 955 3148 Vespasiani,
974 3065 1068 3128 decus
1091 3067 1146 3130 do·

142 3152 208 3216 mds
224 3173 318 3237 penes
334 3150 480 3214 Sabinum
496 3167 569 3214 erat.
617 3149 743 3214 Caedem
766 3149 832 3236 ejus
855 3151 952 3213 lautam
968 3149 1059 3214 fuisse
1075 3151 1146 3217 Mu·

141 3239 228 3303 ciano
243 3238 428 3324 accepimus.
474 3235 628 3302 Ferebant
649 3239 784 3323 plerique
808 3239 919 3302 ‘etiam
937 3239 1002 3322 paci
1025 3242 1146 3304 consul·

141 3341 215 3403 tum,
231 3324 361 3389 diremti
383 3325 569 3388 emulatione
594 3325 672 3388 inter
694 3325 780 3402 duos,
802 3347 928 3410 quorum
950 3325 1024 3389 alter
1039 3349 1071 3389 se
1088 3327 1147 3392 lra-

141 3431 218 3476 trem
235 3411 438 3497 Imperatoris,
461 3412 537 3476 alter
551 3427 722 3492 consortem
739 3411 862 3496 imperii
876 3413 1043 3494 cogitaret.'
1083 3415 1147 3479 Sed

141 3497 281 3564 Vitellius
297 3498 442 3564 Consulis
456 3499 636 3584 supplicium
661 3501 797 3583 poscenti
814 3499 926 3584 populo
941 3500 1058 3576 restitit,
1082 3503 1146 3586 pla-

141 3601 238 3664 catus,
255 3607 291 3655 ac
307 3587 390 3650 velut
405 3585 503 3649 uicem
514 3586 660 3664 reddens,
684 3585 764 3671 qubd
788 3587 1038 3668 interrogantibus
1061 3591 1147 3674 ‘quis

141 3673 327 3760 Capitolium
344 3673 549 3750 incendisset,'
559 3695 592 3736 se
604 3693 689 3737 reum
704 3674 823 3736 Atticus
838 3673 996 3737 obtulerat.
1036 3673 1145 3762 quue

140 3761 342 3840 consessione,
366 3760 429 3825 sive
450 3775 555 3846 aptum
570 3761 698 3911 tempppi
715 3761 906 3828 mendacium
922 3759 986 3840 suit,
1002 3761 1146 3836 invidiam
