2484 4316
51 153 55 162 ·
109 214 155 280 A.
172 209 212 279 C.
228 209 297 296 69.]
403 207 545 278 Hrsrou.
569 207 644 276 Lm.
668 207 843 288 Qurarus.
1055 210 1114 272 151

114 377 190 442 belli
220 375 310 441 turbis
339 374 506 440 Novesium
537 376 636 454 missa,
667 389 700 438 ut
729 375 811 452 inde,
841 375 971 438 terrestri
1002 374 1118 454 itinere,

114 465 300 528 frumentum
321 463 526 526 adveherent:
550 484 619 525 narn
641 461 764 524 flumine
788 463 889 524 hostes
916 461 1117 544 potiebantur.

113 551 253 616 Primum
266 545 526 632 agmen'securum
538 548 668 624 incessit,
678 548 810 610 nondum
821 545 891 610 satis
904 549 989 611 firmo
999 547 1117 611 Civile:

114 637 179 722 qui,
196 637 246 700 ubi
262 643 383 698 ‘rursus
404 636 510 698 missos
525 635 692 698 Novesium
716 634 955 709 frumentatores,
972 635 1116 719 datasque

114 725 146 788 iu
165 722 332 808 presidium
356 722 508 796 cohortes,
525 721 608 784 velut
625 718 721 782 multia
748 741 823 802 pace
849 721 974 804 ingredi’
990 722 1119 805 accepit,

115 831 216 876 rarum
246 808 327 892 apud
352 807 437 890 signa
467 806 604 883 militem,
634 827 716 868 arma
743 806 771 868 in
804 807 961 884 vehiculis,
991 822 1117 870 cunctos

116 893 242 962 licentiis
257 915 358 976 vagos,
380 893 565 976 compositus
590 893 724 956 invadit:
748 893 914 976 praemissis,
935 893 985 978 qui
1011 908 1117 977 pontes

117 996 150 1046 et
165 983 279 1046 viarum
292 995 416 1063 angusta
431 979 604 1042 insiderent.
651 977 823 1062 Pugnatum
838 979 928 1061 longo
940 980 1070 1064 agmine,
1086 995 1117 1046 et

117 1070 233 1133 incerto
256 1065 368 1144 Marte,
391 1067 489 1130 donec
517 1066 650 1149 prelium
673 1087 735 1128 nox
761 1065 924 1128 dirimeret.
969 1067 1118 1131 Cohortes

119 1153 292 1218 Geldubam
310 1151 483 1236 perrexere,
508 1153 708 1230 manentibus,
724 1166 757 1215 ut
772 1151 899 1230 suerent,
920 1153 1035 1230 castris,
1052 1175 1117 1238 que

118 1241 290 1304 relictorum
314 1240 373 1302 illic
403 1239 530 1304 militum
557 1239 693 1323 praesidio
723 1240 912 1302 tenebantur.
958 1239 1028 1302 Non
1053 1255 1118 1306 erat

119 1327 256 1404 dubium,
272 1340 416 1411 quantum
433 1326 463 1388 in
487 1347 623 1408 regressu
640 1325 815 1388 discriminis
838 1325 1009 1390 adeundum
1030 1326 1117 1407 soret,

16 1411 17 1438 ³
119 1412 383 1477 frumentatoribus
398 1412 512 1476 onustis
530 1411 745 1496 perculsisque.
790 1412 886 1475 Addit
901 1413 1046 1476 exercitui
1063 1436 1118 1478 suo
1225 1431 1226 1442 ³

16 1509 17 1550 1
121 1497 241 1563 Vocula
258 1499 339 1561 mille
355 1499 488 1562 delectos
504 1520 521 1561 e
538 1496 643 1582 quinte
657 1513 688 1560 et
704 1497 926 1582 quintadecimd
941 1499 1118 1580 legionibus,

117 1585 200 1670 apud
217 1583 332 1648 Vetera
346 1585 486 1660 obsessis,
512 1584 690 1646 indomitum
718 1585 841 1646 militem
869 1598 900 1646 et
916 1583 1052 1647 Ducibus
1073 1587 1119 1648 in·

16 1713 17 1720 .
119 1671 246 1734 sensum.
295 1669 414 1747 Plures,
440 1669 531 1754 quam
556 1669 673 1755 jussum
698 1683 772 1746 erat,
800 1667 935 1752 profecti,
966 1671 1065 1754 palam
1088 1673 1117 1735 in

16 1781 17 1788 ¹
121 1757 241 1839 agmine
264 1755 442 1834 fremebant,
465 1762 545 1818 ‘non
568 1777 601 1818 se
616 1755 693 1818 ultra
715 1754 836 1833 samem,
852 1755 972 1818 insidias
987 1756 1121 1840 Legato-

121 1865 199 1920 rum,
215 1841 414 1906 toleraturos.'
459 1841 512 1918 Ar,
529 1842 579 1926 qui
603 1857 816 1918 remanserant,
839 1842 992 1906 ‘desertos
1007 1865 1051 1922 se,
1067 1845 1120 1908 ab·

122 1927 216 1992 ducta
227 1941 312 2012 parte
329 1927 502 2009 legionum,'
516 1927 727 2012 querebantur.
772 1927 897 2012 Duplex
913 1929 1119 2009 hincsediti03

120 2015 186 2080 aliis
202 2015 409 2078 revocantibus
418 2013 648 2090 Voculam,aliis
658 2013 753 2076 redire
764 2014 792 2076 io
801 2029 898 2078 castra
909 2016 1118 2080 abnuentibus.

104 2144 106 2148 -
164 2098 321 2165 XXXVl.
346 2099 468 2164 Interim
487 2099 595 2164 Civilis
613 2098 728 2164 Vetera
750 2101 952 2164 circumsedit.
1000 2101 1120 2168 Vocula

122 2187 296 2252 Geldubam
312 2199 402 2270 atque
418 2187 488 2249 inde
512 2185 678 2250 Novesium
703 2188 861 2250 concessit.
908 2186 1014 2252 Civilis
1039 2191 1120 2275 capit

122 2273 307 2340 Geldubam.
353 2272 441 2351 Mox,
464 2273 543 2336 haud
567 2273 670 2357 procul
695 2271 841 2352 Novesio,
864 2276 995 2359 equestri
1019 2277 1120 2359 praelio

86 2389 87 2394 ¹
121 2359 264 2446 prospere
276 2361 410 2423 certavit.
458 2359 521 2424 Sed
537 2360 623 2423 miles
635 2361 774 2424 secundis
790 2361 980 2446 adversisque
996 2363 1120 2444 perinde

120 2449 150 2512 io
173 2446 299 2511 exitium
322 2445 445 2510 Ducum
469 2445 701 2510 accendebatur.
747 2445 789 2509 Et
812 2447 942 2510 adventu
961 2449 1121 2533 quintano-

122 2554 187 2598 rum
215 2533 605 2618 quintadecimanorumque
631 2547 725 2596 auctae
751 2533 1119 2615 legiones,‘donativum'

123 2633 305 2704 exposcunt,
328 2636 493 2703 comperto,
516 2619 674 2701 pecuniam
691 2640 708 2682 a
726 2617 851 2683 Vitellio
873 2621 1005 2684 missam.
1052 2619 1121 2684 Nec

124 2706 174 2770 diu
189 2718 356 2782 cunctatus,
380 2705 572 2770 Hordeonius
592 2706 713 2768 nomine
731 2703 909 2790 Vespasiani
932 2706 1026 2770 dedit.
1071 2707 1122 2770 ld·

123 2813 183 2878 que
199 2791 383 2876 precipuum
399 2791 452 2855 suit
461 2792 613 2856 seditionis
625 2792 812 2854 alimentum.
858 2791 956 2854 Effusi
973 2794 1001 2856 in
1014 2793 1120 2858 luxum

125 2892 157 2942 et
181 2878 298 2963 epulas,
328 2892 360 2941 et
388 2891 548 2942 nocturnos
570 2893 677 2955 coetus,
702 2891 836 2941 veterem
857 2879 886 2940 in
912 2877 1121 2944 Hordeonium

125 2965 199 3028 iram
215 2978 382 3028 renovant:
405 2985 462 3028 nee
479 2965 539 3028 ullo
555 2963 739 3046 Legatorum
763 2963 1009 3028 Tribunorumve
1029 2967 1122 3029 obsis·

126 3065 189 3115 tere
205 3072 289 3128 auso,
306 3051 435 3136 (quippe
459 3072 581 3114 omnem
606 3051 751 3135 pudorem
775 3073 835 3114 nox
861 3052 1028 3134 ademerat)
1054 3073 1122 3136 pro·

125 3151 251 3202 tractum
276 3138 401 3200 acubili
425 3137 615 3201 interficiunt.
661 3136 781 3199 Eadem
807 3137 835 3201 in
854 3135 1003 3200 Voculam
1035 3159 1121 3222 para-

66 3215 72 3232 '
126 3225 243 3301 bantur,
259 3223 313 3286 nisi
330 3223 427 3288 servili
440 3224 553 3300 babitu,
571 3245 625 3308 per
639 3223 788 3300 tenebras,
805 3223 957 3306 ignoratus
968 3225 1122 3290 evasisset.

126 3309 199 3388 Ubi,
211 3309 315 3374 sedato
330 3311 457 3393 impetu,
470 3311 568 3374 metus
580 3310 675 3387 rediit,
687 3308 889 3374 Centuriones
901 3332 971 3374 cum
989 3313 1123 3398 epistulis
1204 3341 1207 3346 ·

126 3397 162 3462 ad
178 3397 313 3460 civitates
329 3395 495 3461 Galliarum
511 3396 631 3474 misere,
644 3397 754 3460 auxilia
766 3417 800 3460 ac
816 3398 963 3482 stipendia
978 3416 1122 3464 oraturos.

169 3481 344 3548 XXXVll.
369 3481 441 3567 lpsi,
472 3499 504 3548 ut
533 3499 579 3548 est
604 3483 711 3564 vulgus
737 3483 800 3546 sine
830 3499 947 3548 rectore
977 3506 1122 3569 preceps,

128 3569 279 3656 pavidum,
302 3591 413 3647 socors,
438 3570 620 3634 adventante
648 3569 760 3646 Civile,
786 3571 878 3654 raptis
899 3571 1014 3634 temere
1034 3573 1124 3636 armis

128 3657 277 3721 aestatim
303 3657 429 3735 omissis,
453 3659 483 3720 in
508 3655 608 3740 sugam
625 3669 789 3720 vertuntur.
835 3656 901 3720 Res
916 3657 1049 3720 adverse
1063 3658 1123 3720 dis-

127 3743 259 3810 cordiam
282 3743 438 3830 peperere,
454 3744 499 3822 iis,
516 3743 599 3830 qui'e
614 3743 768 3830 superiore
786 3744 921 3810 exercitu
937 3757 1034 3824 erant,
1051 3763 1124 3807 cau·
