2556 4446
138 419 205 490 244
396 475 399 486 ,
485 414 527 480 C.
549 413 657 482 coer.
679 413 806 482 Tactus

182 580 228 648 X.
251 579 302 647 Ne
318 579 420 666 opinio
432 579 553 665 quidem
569 593 601 646 et
622 577 712 656 lama,
727 578 775 644 cui
790 577 847 644 soli
862 577 1005 654 serviunt,
1021 589 1054 658 et
1064 575 1147 662 qnod

138 691 234 736 unum
250 689 317 732 esse
333 668 459 752 pretium
475 667 574 731 omnis
588 667 633 730 eui
650 663 916 754 laborislatentur,
937 663 1022 749 nque
1038 680 1145 749 poetas

139 756 232 842 quem
248 771 381 822 oratores
401 755 553 838 sequitur:
576 754 718 837 quoniam
735 752 902 816 mediocres
925 768 1029 835 poetas
1055 771 1148 834 neme

138 843 237 919 norit,
260 841 468 922 bonospauci.
493 838 649 914 ,Quando
664 839 744 906 enim
765 839 979 904 rarissimarum
996 837 1148 905 recitatio·

140 951 212 994 num
230 928 308 992 lama
324 928 352 990 in
367 943 458 992 totam
471 927 575 990 urbem
592 940 728 1010 penetrat
743 927 754 988 l
778 925 891 988 nedum
903 939 936 988 ut
952 946 1005 1009 per
1017 939 1148 1009 totpro-

140 1016 257 1080 rinoias
272 1015 465 1081 innotescat·
495 1011 618 1087 Quotus
633 1013 772 1098 quisque,
787 1011 858 1076 clun
871 1033 913 1076 ex·
924 1009 1083 1095 Hispanis,
1097 1011 1147 1076 vel

138 1101 229 1176 Asis,
245 1122 284 1164 ne
342 1101 371 1164 id
392 1100 430 1166 de
447 1098 544 1164 Gallis
559 1101 665 1164 nostris
681 1096 848 1182 loquamur,
875 1099 904 1178 in
930 1099 1035 1164 urbem
1053 1098 1147 1175 veuit,

138 1187 277 1254 Saleium
325 1193 424 1252 assurn'
440 1187 584 1272 requirit?
609 1201 699 1269 atque
714 1183 794 1248 adeb
819 1185 842 1248 si
867 1185 933 1270 quis
956 1185 1089 1270 requirit,
1114 1199 1149 1248 ut

137 1273 237 1342 senet
255 1274 338 1350 vidit,
364 1274 468 1338 transit
494 1289 533 1338 et.
550 1287 711 1342 contentus
726 1286 795 1350 est;
824 1285 857 1336 ut
879 1273 903 1336 si
928 1273 1074 1356 picturam
1093 1269 1149 1336 ali·

139 1382 234 1460 quam
250 1361 298 1424 nel
314 1374 444 1426 statuam
461 1360 595 1424 vidisset.
640 1357 753 1444 Neque
769 1358 851 1424 hunc
862 1379 964 1424 meum
975 1377 1149 1426 sermonem

138 1467 191 1516 stc
200 1446 297 1528 accipi
314 1446 394 1522 rolo,
417 1460 558 1532 tanquam
574 1461 639 1521 eus,
666 1446 774 1529 quibus
790 1459 895 1510 natura
910 1463 964 1512 sua
987 1445 1149 1510 oratorium

137 1531 296 1616 ingenium
311 1531 482 1616 denegavit,
505 1532 675 1609 deterream
697 1531 923 1609 eearminibus,
949 1531 974 1596 si
999 1529 1092 1594 modi)
1117 1531 1148 1597 tn

141 1619 201 1688 huc
212 1619 380 1688 studiorum
397 1618 750 1704 parteobleetareutium
763 1633 916 1684 etnomen
933 1618 1063 1686 inserere
1079 1639 1151 1703 pos·

138 1721 211 1778 suot
227 1705 330 1772 lame:
351 1727 411 1789 ego
427 1703 500 1772 verb
522 1725 645 1770 omnem
666 1705 870 1790 eloquentiam
897 1725 1064 1790 omnesque
1084 1703 1150 1790 ejus

141 1807 245 1878 partes
260 1813 361 1860 sacres
385 1807 417 1858 et
444 1793 737 1876 renembilesputo:
767 1813 826 1858 nec
845 1791 945 1858 solbm
967 1792 1150 1858 cothurnum

141 1895 288 1957 restrum,
304 1895 356 1946 sut
372 1880 484 1946 heroici
499 1879 834 1956 carminis,sonum,sed
851 1879 1011 1962 lyricorum
1029 1899 1150 1964 quoque

139 1963 364 2053 jucunditatem
380 1981 411 2032 et
426 1967 583 2049 elegorum
597 1965 734 2032 lascivias
750 1981 780 2030 et
795 1966 962 2030 iamborum
978 1965 1151 2030 amaritudi-

140 2073 215 2120 nem
231 2067 262 2116 et
274 2053 525 2136 epigrammatum
541 2053 624 2118 lusus
635 2067 666 2116 et
676 2073 899 2138 quamcumque
915 2053 1003 2116 aliam
1015 2052 1150 2137 speciem

142 2137 318 2222 eloquentia
344 2138 465 2216 habeat,
492 2139 734 2222 anteponendam
760 2139 871 2204 ceteris
893 2140 1018 2206 aliarum
1041 2139 1149 2207 artium

141 2224 250 2292 studiis
264 2224 453 2292 crederent
469 2240 569 2290 tecum
582 2225 666 2302 mihi,
679 2223 830 2304 Materne,
845 2247 893 2290 res
908 2241 966 2304 est,
975 2224 1068 2310 qubd,
1078 2225 1151 2314 sirm

141 2324 314 2381 saturatur
328 2312 357 2380 in
374 2312 470 2396 ipsam
482 2333 583 2378 arcem
595 2312 774 2397 eloquentie
791 2328 820 2376 te
833 2311 918 2388 serat,
928 2333 1028 2376 errare
1044 2312 1150 2388 mavis,

143 2412 188 2476 et,
203 2419 320 2464 summa
336 2397 475 2484 adeptus,
496 2399 526 2464 iu
542 2399 702 2465 levioribus
718 2399 871 2466 subsistis,
908 2397 964 2476 Ut,
978 2399 1003 2462 si
1018 2399 1048 2464 in
1065 2398 1152 2464 Gre-

141 2485 194 2556 eitl
209 2503 294 2552 uetus
309 2507 403 2564 esses,
427 2486 477 2550 ubi
503 2485 632 2550 ludicras
647 2507 769 2572 quoque
784 2501 863 2552 artes
879 2505 1025 2550 exercere
1040 2487 1152 2552 bones·

143 2587 209 2640 tum
226 2588 282 2650 est,
298 2595 335 2638 ae
350 2573 402 2638 tibi
418 2572 581 2638 Nicostrati
593 2573 683 2636 robur
697 2593 733 2636 ac
750 2573 827 2638 vires
835 2572 894 2638 Dii
910 2573 1152 2650 dediscuntur

145 2673 266 2742 paterer
278 2660 424 2724 immanes
440 2659 506 2724 illos
520 2674 552 2726 et
567 2658 604 2722 ad
628 2679 759 2742 pugnam
775 2672 861 2722 natos
877 2658 1005 2724 lacertos
1027 2659 1151 2726 levitate

141 2743 235 2829 jaculi
259 2757 311 2808 aut
328 2743 413 2828 jactu
429 2743 504 2808 disci
528 2765 710 2808 vanescere:
734 2744 777 2808 sic
793 2765 873 2808 nunc
898 2759 929 2808 te
944 2745 983 2808 ab
998 2746 1151 2814 auditoriis

142 2842 178 2898 et
192 2829 315 2894 theatris
340 2829 370 2894 in
394 2828 490 2896 lorum
513 2846 544 2896 et
566 2831 603 2894 ad
626 2851 733 2896 causas
747 2844 779 2895 et
794 2831 831 2896 ad
849 2852 920 2896 vere
935 2833 1036 2916 puelia
1053 2855 1152 2912 tueor

14 2926 22 2975 r
105 2989 106 2992 Ἴ
144 2915 216 2985 erim
230 2915 392 3000 presertim
409 2917 501 2984 need
516 2917 545 2982 id
558 2917 680 3004 quidem
692 2916 857 3002 coningere
874 2920 979 3003 possis,
990 2920 1069 3006 quod
1086 2921 1151 3006 ple-

139 3003 245 3089 risque
262 3003 473 3092 patrocinatur,
495 3019 643 3090 tanquam
654 3005 751 3072 minias
773 3007 939 3072 obnoxium
963 3009 1001 3072 sit
1026 3006 1151 3074 offense

138 3106 314 3177 postauam,
331 3091 421 3176 quim
436 3105 600 3169 oratorum,
623 3092 765 3170 studium.
811 3091 991 3158 Efferuescit
1006 3093 1088 3160 enim
1105 3095 1151 3160 ris

139 3177 354 3264 pulcherrime
370 3193 481 3242 nature
497 3192 575 3255 tue3
598 3199 655 3242 nec
670 3199 726 3261 pro
741 3179 839 3242 amico
862 3180 974 3266 aliquo,
985 3180 1051 3256 sed,
1067 3179 1149 3266 quod

144 3263 344 3349 periculosius
359 3277 416 3342 est,
427 3285 481 3347 pro
491 3261 609 3328 Catone
621 3265 766 3329 offendis:
790 3287 847 3332 nec
863 3267 1151 3338 excusaturoffeese

140 3351 369 3420 necessitudine
383 3351 484 3428 officii,
508 3367 560 3416 aut
582 3351 642 3416 lide
658 3352 872 3430 advocationis,
898 3368 949 3418 aut
975 3352 1103 3418 fortuitae
1117 3368 1151 3420 et

143 3439 256 3504 subite
275 3439 413 3507 dictionis
439 3437 574 3523 impetu:
603 3456 633 3504 at
655 3453 687 3503 tu
711 3439 873 3504 meditatus
889 3441 997 3506 videris
1019 3440 1150 3524 elegisse

144 3543 304 3607 munnam
326 3525 487 3591 notabilem
503 3539 619 3590 etcum
636 3527 811 3592 auctoritate
827 3527 985 3592 dicturam.
1031 3527 1150 3606 Sentio,

143 3609 218 3691 quid
245 3611 421 3694 responderi
444 3613 555 3696 possita
585 3613 654 3678 binc
676 3613 814 3698 ingentes
840 3615 973 3678 existere
997 3633 1149 3694 assensus,

141 3692 217 3758 -biuc
229 3696 257 3760 in
270 3698 340 3782 ipsis
352 3699 503 3762 auditoriis
516 3698 666 3784 precipue
677 3699 801 3778 laudari,
814 3715 844 3765 et
855 3722 927 3766 mox
939 3701 1073 3766 omnium
1085 3722 1151 3766 ser-

142 3781 284 3848 monibus
301 3783 380 3848 serri.
424 3783 516 3848 Tolle
541 3785 628 3868 igitur
644 3787 752 3872 quietis
778 3801 808 3852 et
829 3788 997 3853 securitatis
1018 3808 1151 3852 excusa·

81 3897 84 3903 ·
139 3866 269 3968 tionem,
284 3867 356 3932 clrm
371 3869 422 3934 tibi
438 3891 538 3936 sumas
553 3874 757 3953 adversarium
772 3875 978 3958 superiorem:
1000 3875 1087 3939 nobis
1101 3895 1151 3938 sae

144 3965 182 4016 ns
197 3953 247 4031 sit,
271 3953 400 4036 privatas
415 3969 446 4018 et
461 3959 553 4020 nostri
568 3960 669 4024 seculi
684 3962 904 4028 controversias
918 3961 1015 4042 tueri„
1029 3962 1060 4030 iu
1083 3961 1153 4048 qui·
