2556 4446
130 455 195 520 248
465 451 506 519 C.
530 451 639 520 Coett.
663 451 788 519 Trcrrt
875 463 880 471 '

131 617 268 694 Nicetes,
284 617 354 682 etsi
371 617 435 702 quis
458 619 532 680 alius
548 615 708 703 Ephesum
725 617 774 680 vel
790 616 955 700 Mityleoas
970 623 1133 684 contentus

130 703 376 770 scholasticorum
392 705 572 767 clamoribus
582 705 686 790 quatit,
700 704 789 788 quem
801 703 885 780 Aser,
898 721 950 767 aut
959 705 1132 784 Africanus,

130 810 181 856 aut
198 793 322 875 vosipsi
339 812 355 852 a
378 789 531 854 Cicerone
544 807 594 854 aut
612 791 716 853 Asinio
731 791 907 852 recessistis.

175 877 265 943 XVl.
288 877 444 961 Magnam,
472 878 567 962 inquit
596 876 767 962 Secundus,
796 891 827 938 et
851 877 972 958 dignam
1002 889 1131 940 tractatu

131 967 325 1050 questionem
353 963 493 1026 movisti:
515 965 569 1026 sed
600 963 666 1048 quis
690 983 756 1024 eam
783 963 893 1047 justitie
923 963 1132 1046 explicaverit,

130 1053 220 1138 quiam
236 1067 281 1129 tu,
296 1051 333 1114 ad
346 1052 432 1136 cujus
443 1071 592 1115 summam
606 1050 803 1114 eruditionem
815 1065 845 1110 et
857 1050 1133 1132 prestantissimum

130 1137 284 1222 ingenium
299 1158 371 1200 cura
387 1153 553 1222 quoquest
568 1136 723 1199 meditatio
739 1137 888 1198 accessit?

173 1225 217 1290 Et
233 1224 375 1300 Messala,
391 1225 548 1308 Aperiem,
572 1224 678 1308 inquit,
694 1221 891 1304 cogitationes
907 1243 1000 1298 meas,
1017 1222 1041 1284 si
1057 1221 1131 1286 illud

131 1333 149 1376 a
171 1313 256 1374 vobis
271 1311 340 1374 ante
363 1312 577 1393 impetravero,
593 1325 627 1372 ut
650 1329 704 1372 vos
721 1329 841 1394 quoque
861 1329 1031 1371 sermonem
1048 1309 1133 1373 bunc

129 1415 263 1462 nostrum
280 1396 439 1480 adjuvetis.

172 1483 236 1547 Pro
252 1483 381 1557 duobus,
396 1481 491 1564 inquit
513 1481 682 1558 Maternus,
702 1482 866 1568 promitte:
888 1503 958 1544 nam
981 1494 1012 1545 et
1028 1491 1133 1564 ego-et

130 1569 288 1634 Secundus
311 1569 500 1652 exequemur
523 1583 623 1652 partes
645 1589 719 1652 quas
743 1567 993 1644 intellexerimus,
1018 1583 1048 1631 te
1071 1591 1131 1632 non

129 1671 191 1724 tam
206 1656 351 1732 omisisse,
372 1653 462 1740 quim
484 1656 569 1718 nobis
592 1655 756 1738 reliquisse.
803 1656 920 1738 Aprum
936 1657 1019 1718 enim
1033 1656 1131 1718 solere

131 1745 298 1820 dissentire,
313 1757 391 1806 etto
409 1741 499 1826 paulb
513 1741 583 1805 ante
600 1742 712 1818 dixisti,
732 1753 763 1804 et
778 1741 843 1823 ipse
858 1739 930 1804 satis
945 1740 1131 1820 manifestus,

126 1829 308 1918 jamdudum
324 1830 353 1893 in
368 1829 549 1892 contrarium
565 1829 691 1910 accingi,
708 1849 765 1890 nec
781 1849 867 1913 aequo
882 1829 983 1891 animo
999 1827 1131 1913 perferre

129 1919 208 1984 hanc
224 1933 354 1981 nostram
372 1937 426 2016 pro
441 1917 629 2001 antiquorum
646 1915 735 1978 laude
750 1915 953 1978 concordiam.

175 2004 245 2067 Non
262 2004 354 2080 enirn,
374 2003 469 2086 inquit
490 2004 586 2085 Aper,
602 2002 768 2064 inauditum
784 2016 815 2064 et
831 2001 1019 2064 indefensum
1036 2023 1131 2066 saecn·

131 2089 194 2154 lum
229 2104 363 2152 nostrum
394 2089 487 2172 patiar
520 2091 577 2152 hac
608 2088 707 2152 vestrti
735 2089 955 2172 conspiratione
985 2085 1131 2152 damnari.

132 2175 194 2242 Sed
213 2175 270 2236 boc
286 2173 414 2258 prirnt'rm
431 2174 630 2256 interrogabo,
654 2196 728 2258 quos
745 2176 857 2237 vocetis
872 2175 1022 2260 antiquos,
1039 2197 1133 2260 quam

129 2276 280 2326 oratorum
297 2275 415 2324 etatem
438 2260 605 2342 signatione
621 2261 677 2324 istit
691 2261 919 2324 determinetis?
963 2259 1032 2343 Ego
1048 2261 1138 2324 enim'

130 2349 199 2414 crim
217 2347 306 2411 audio
320 2347 467 2432 antiquos,
490 2347 635 2432 quosdam
652 2361 772 2412 veteres
793 2363 825 2408 et
847 2349 917 2410 olim
941 2363 1027 2412 natos
1043 2349 1132 2410 intel·

130 2437 212 2520 ligo3
235 2457 270 2498 ac
296 2434 370 2498 mihi
397 2449 550 2498 versantur
574 2445 645 2496 ante
671 2434 774 2497 oculos
800 2432 931 2516 Ulysses
951 2449 981 2498 et
1004 2434 1129 2512 Nestor,

131 2545 257 2608 quorum
274 2537 344 2586 aetas
360 2522 440 2585 mille
461 2520 524 2584 sere
540 2535 571 2584 et
586 2521 723 2584 ducentis
739 2521 823 2584 annis
838 2521 980 2584 seculum
996 2535 1130 2584 nostrum
1175 2547 1179 2554 ·

129 2610 301 2674 antecedit:
325 2623 500 2671 vosautem
526 2604 768 2670 Demosthenem
793 2619 824 2668 et
848 2605 1038 2690 Hyperidem
1062 2627 1131 2691 pro·

130 2696 223 2770 sertis,
240 2715 315 2777 quos
330 2691 401 2755 satis
416 2707 534 2757 constat
556 2692 691 2774 Philippi
714 2706 745 2754 et
761 2692 928 2754 Alexandri
944 2695 1131 2776 temporibus

129 2781 287 2846 floruisse:
310 2779 351 2839 ita
374 2792 486 2854 tamen,
509 2793 541 2840 ut
570 2779 688 2863 utrique
712 2777 888 2861 superstites
918 2795 1031 2842 esseut.
1077 2779 1131 2844 Ex

130 2887 190 2952 quo
205 2877 342 2948 apparet,
358 2885 417 2926 non
434 2862 531 2926 multd
548 2865 658 2948 plures,
674 2857 771 2949 ‘qulam‘
782 2865 1017 2950 quadringentos
1035 2889 1130 2931 annos

130 2954 277 3018 interesse
291 2952 369 3014 inter
380 2966 511 3016 nostram
528 2967 558 3015 et
569 2951 791 3016 Demosthenis
803 2966 922 3014 aetatem
936 2974 943 3015 :
969 2953 1048 3038 quod
1060 2975 1131 3038 spa-

128 3041 203 3106 tium
220 3039 375 3123 temporis,
391 3039 415 3102 si
431 3039 468 3101 ad
489 3039 689 3102 infirmitatem
712 3059 872 3126 corporum
898 3054 1066 3102 nostrorum
1082 3061 1131 3102 re·

129 3127 217 3205 seras,
235 3126 358 3190 sortasse
381 3125 503 3208 longum
521 3126 679 3204 videatur3
701 3125 725 3187 si
741 3123 778 3186 ad
795 3141 929 3188 naturam
952 3127 1130 3190 seculorum

128 3229 160 3280 et
189 3228 361 3299 respectum
386 3212 524 3274 immensi
552 3210 639 3295 hujus
666 3212 732 3287 aevi,
756 3233 900 3297 perquam
925 3213 1016 3274 breve
1043 3227 1074 3276 et
1097 3215 1128 3276 in

128 3303 267 3388 proximo
282 3313 339 3363 est.
385 3297 466 3362 Nam
490 3299 524 3374 si,
541 3313 573 3362 ut
588 3297 701 3360 Cicero
721 3299 749 3360 in
773 3297 937 3362 Hortensio
952 3300 1064 3376 scribit,
1081 3301 1129 3362 ‘is

128 3405 175 3453 est
191 3409 316 3473 magnus
339 3399 370 3449 et
388 3406 475 3448 verus
497 3406 603 3462 annus,
621 3407 681 3469 quo
697 3385 804 3447 eadem
831 3385 938 3467 positio
960 3386 1031 3450 coeli
1048 3386 1130 3448 side·

128 3497 267 3561 rumque,
284 3495 349 3559 quae
364 3473 434 3535 otim
451 3471 583 3534 maxime
594 3487 777 3548 est,·rursum
795 3474 916 3548 existet,
933 3472 1018 3556 isque
1034 3493 1130 3537 annus

128 3561 247 3638 horum,
263 3583 338 3645 quos
353 3582 410 3622 nos
426 3579 580 3633 vocamus,
596 3579 741 3621 annorum
763 3555 828 3620 Xll
845 3557 1128 3624 MDCCCCLlV.

127 3648 338 3729 complectitur
351 3644 370 3722 ;’
393 3646 497 3728 incipit
511 3644 736 3707 Demosthenes
748 3660 857 3721 vester,
874 3667 964 3730 quem
978 3667 1030 3708 vos
1045 3659 1130 3709 vete·

127 3751 191 3800 rem
208 3747 239 3794 et
254 3733 408 3816 antiquum
423 3732 532 3812 fingitis
555 3753 615 3794 non
638 3731 734 3794 soltim
751 3732 860 3794 eodem
883 3753 972 3810 enno,
989 3753 1048 3818 quo
1063 3755 1129 3813 nos,

128 3819 181 3882 sed
199 3817 261 3878 lere
277 3819 386 3878 eodem
403 3839 507 3880 mense
523 3819 668 3881 extitisse.

172 3901 277 3968 XVll.
302 3901 364 3962 Sed
382 3917 500 3966 transeo
523 3905 560 3966 ad
586 3904 711 3968 Latinos
728 3917 872 3982 oratores,
889 3906 917 3968 in
934 3907 1041 3990 quibus
1064 3927 1129 3971 non

128 3987 319 4063 Menenium,
339 3994 372 4048 'ut
388 4001 470 4070 puto,
486 3989 666 4074 Agrippam,
684 3991 734 4076 qui
750 4006 852 4076 potest
869 3993 961 4056 videri
978 3993 1129 4078 antiquus,
