2560 4258
106 295 150 362 A.
167 293 207 362 C.
220 295 290 380 69.]
427 293 821 363 Hrsron.L1a.Pttnms.
1062 299 1106 362 33

107 481 227 546 parans,
250 461 350 524 laetum
375 482 415 524 cx
431 459 519 524 ltaliti
533 461 669 524 nuntium
696 461 816 544 accipit,
838 459 936 524 ‘alam
961 459 1105 540 Silanam,

104 549 188 612 circu
224 547 343 610 Padum
379 563 531 630 agentern,
560 564 749 612 sacramento
774 547 889 610 Vitellii
920 548 1105 610 accessisse!

108 633 326 698 Proconsulem
345 632 501 698 Vitellium
519 633 635 718 Syllani
660 637 688 698 in
706 633 809 698 Africa
825 635 1009 697 habuerant:
1033 655 1107 698 mox

105 742 126 783 a
142 719 277 796 Nerone,
302 736 333 783 ut
354 721 382 784 in
406 719 576 804 AEgyptum
601 723 860 805 praemitterentur,
883 722 986 796 exciti,
1014 739 1044 785 et
1067 721 1107 784 ob

108 807 222 870 bellum
242 806 377 870 Vindicis
393 809 536 884 revocati,
560 829 595 870 ac
612 823 674 871 tum
702 809 731 871 in
759 806 847 871 Italia
872 822 1040 882 manentes,
1063 807 1109 868 in-

107 894 220 958 stinctu
235 893 454 970 Decurionum,
478 916 527 980 qur
520 893 702 957 'Othonis
695 895 798 976 ignari,
816 891 942 956 Vitellio
963 893 1107 971 obstricti,

108 981 199 1044 robur
222 981 447 1042 adventantium
474 980 626 1086 legionum
651 996 682 1044 et
705 981 813 1043 samam
830 979 1002 1042 Germanici
1020 1001 1109 1042 exer-

108 1065 186 1130 cittis
202 1067 376 1142 attolebant,
401 1066 543 1128 transidrc
558 1068 587 1128 in
606 1082 725 1150 partes:
749 1082 790 1144 et,
811 1081 842 1129 ut
858 1067 969 1128 donum
986 1065 1106 1166 aliquod

109 1173 190 1216 novo
206 1151 349 1235 Principi,
372 1152 539 1216 firmissima
553 1152 780 1236 Transpadanae
796 1153 924 1235 regionis
945 1152 1108 1235 municipia

111 1236 319 1302 Mediolanum
336 1261 370 1302 ac
387 1237 550 1302 Novariam
566 1255 597 1302 et
613 1239 797 1322 Eporediam
815 1261 850 1302 ac
865 1237 1032 1316 Vercellas,
1055 1239 1109 1301 atl··

106 1323 248 1410 junxere.
294 1323 329 1386 ld
356 1323 486 1388 Caecina
514 1347 568 1408 per
593 1327 673 1410 ipsos
703 1341 903 1409 compertum.
957 1324 1011 1401 Et,
1038 1326 1108 1409 quia

109 1412 246 1494 praesidio
261 1411 315 1474 alae
339 1412 425 1475 unius
448 1411 589 1474 latissima
617 1435 683 1496 pars
708 1412 800 1475 ltaliae
816 1411 936 1474 delendi
953 1413 1107 1496 nequibat,

108 1498 266 1580 premissis
282 1496 441 1560 Gallorum
456 1496 669 1561 Lusitanorum
686 1498 961 1582 Britannorumque
977 1499 1108 1561 cohorti·

107 1583 165 1646 bus
179 1600 209 1647 et
225 1583 445 1648 Germanorum
464 1585 591 1660 ve'xillis,
611 1607 682 1647 cum
698 1583 897 1659 ruperint,
921 1585 985 1666 ipse
1003 1585 1109 1666 paulu·

106 1669 171 1738 lum
194 1686 364 1747 cunctatus,
391 1692 462 1732 num
479 1669 625 1734 Rbaeticis
636 1671 718 1754 jugis
743 1672 772 1733 in
797 1669 941 1732 Noricum
959 1669 1107 1747 flecteret,

108 1755 252 1820 adversus
279 1756 467 1831 Petronium,
496 1757 603 1836 [urbis]
637 1756 878 1831 Procuratorem,
905 1756 955 1839 qui
981 1756 1107 1821 concitis

106 1842 238 1918 auxiliis,
254 1857 285 1904 et
300 1841 472 1924 interruptis
487 1841 644 1904 fluminum
663 1842 813 1924 pontibus,
828 1842 905 1924 fidus
922 1841 1036 1903 Othoni
1054 1864 1109 1925 pu·

108 1928 239 1992 tabatnr.
283 1928 345 1990 Sed
363 1943 457 2004 metu,
481 1949 520 1990 ne
543 1929 692 1990 amitteret
714 1929 878 2010 praemissas
890 1927 951 2012 jam
968 1929 1109 1991 cobortes

109 2014 244 2098 alasque,
267 2015 354 2076 simul
371 2029 524 2096 reputans,
552 2014 619 2098 plus
634 2015 733 2096 gloriae
749 2013 867 2077 retentd
886 2013 981 2091 ltalib,
998 2029 1028 2076 et
1044 2014 1110 2078 ubi-

108 2121 240 2183 cumque
255 2115 401 2164 certatum
424 2099 509 2176 soret,
531 2098 658 2164 Noricos
674 2101 702 2163 in
718 2117 819 2164 cetera
836 2101 964 2164 victoriae
989 2101 1109 2184 praemia

107 2207 255 2262 cessuros,
272 2186 391 2248 Penino
406 2187 618 2268 subsignanum
636 2188 782 2250 militem
775 2189 891 2263 itinere,
912 2202 942 2251 et
958 2209 1048 2270 grave
1065 2187 1109 2250 le·

108 2273 229 2358 gionutn
247 2293 353 2356 agmen
371 2272 513 2371 hybernis
528 2273 627 2335 adbuc
644 2274 772 2356 Alpibus
793 2274 935 2337 traduxit.

152 2353 275 2422 LXXl.
299 2358 406 2422 Otbn'
400 2359 529 2435 rnterim,
552 2374 656 2422 contra
679 2381 764 2441 spem
788 2361 933 2436 omnium,
957 2381 1015 2421 non
1033 2357 1109 2422 deli·

107 2445 173 2522 ciiS,
189 2467 288 2528 neque
305 2443 420 2508 desidia
437 2457 626 2528 torpescere:
659 2445 756 2510 dilatae
774 2447 954 2529 voluptates,
971 2447 1108 2508 dissimu

108 2531 168 2598 lata
194 2531 323 2606 luxuria,
350 2545 381 2594 et
405 2547 516 2594 cuncta
542 2531 579 2594 ad
603 2532 742 2596 decorem
769 2531 890 2632 Imperii
917 2534 1105 2632 composita:

108 2617 208 2701 adque
233 2618 299 2700 plus
316 2597 479 2680 soimidinis
495 2617 659 2680 afferebant
675 2616 754 2681 lalsae
771 2620 895 2682 virtutes
919 2633 950 2682 et
975 2619 1045 2682 vitia
1062 2639 1109 2681 re-

108 2704 217 2766 ditura.
264 2702 395 2766 Marium
410 2703 546 2780 Celsum,
563 2703 729 2768 Consulem
747 2705 947 2787 designatum,
972 2727 1024 2790 per
1037 2725 1107 2787 spe·

107 2790 187 2852 ciem
201 2790 398 2864 vinculorum,
408 2790 526 2852 saevitiae
539 2791 665 2854 militnm
678 2792 874 2868 subtractum,
885 2793 972 2856 acciri
986 2793 1013 2854 in
1024 2791 1107 2872 capi·

109 2875 214 2940 tolium
226 2875 334 2962 jubet:
365 2875 533 2942 clementiae
556 2877 658 2940 titulus
681 2897 698 2938 e
726 2879 789 2940 viro
814 2878 949 2940 claruet
977 2879 1109 2961 partibus

108 2962 216 3036 inviso,
242 2962 409 3044 petebatur.
455 2962 574 3040 Celsus,
597 2978 769 3028 constanter
790 2980 914 3027 servatae
940 2986 1010 3045 erga
1034 2963 1109 3048 Gal

107 3047 178 3112 bam
203 3047 271 3110 fidei
296 3049 409 3110 crimen
433 3047 598 3125 consessus,
629 3050 805 3132 exemplum
833 3049 910 3113 ultrb
937 3035 1107 3133 imputavit.

109 3131 177 3196 Nec
193 3133 288 3210 Otltn,
313 3137 395 3233 qqasi
417 3134 594 3214 ignosceret,
621 3136 686 3211 sed,
710 3157 747 3198 ne
765 3137 857 3198 bostis
873 3151 986 3199 metum
1003 3156 1109 3197 recon-

108 3219 265 3284 ciliationis
281 3209 448 3297 adhiberet,
464 3221 562 3284 statim
579 3221 656 3286 inter
670 3223 789 3284 intimos
813 3223 924 3286 amicos
941 3222 1054 3297 babuit,
1077 3235 1109 3284 et

108 3327 182 3372 mox
195 3307 296 3368 bellc'
290 3321 367 3370 mter
382 3306 487 3370 Duces
503 3307 635 3388 delegit:
660 3309 828 3408 mansitque
844 3308 950 3385 Celso,
967 3309 1050 3372 velut
1066 3305 1109 3369 sa-

107 3391 217 3467 taliter,
244 3394 334 3456 etiam
361 3415 421 3492 pro·
428 3391 552 3456 Othone
568 3393 673 3457 fides'
659 3410 781 3494 potegra
808 3410 838 3458 et
861 3394 976 3458 infelix.
1022 3392 1109 3457 Laeta

107 3478 287 3562 primoribus
309 3479 449 3555 civitatis,
478 3479 665 3543 celebrata
658 3503 686 3542 m
714 3482 820 3581 vulgus
842 3479 928 3545 Celsi
951 3479 1042 3556 salus,
1069 3499 1109 3542 no

106 3564 251 3628 militibus
267 3566 411 3649 quidem
404 3577 519 3646 ingrata
541 3565 606 3644 suit,
630 3567 758 3630 eandem
775 3569 915 3631 virtutem
937 3566 1109 3641 admiranti·

107 3651 175 3726 bus,
190 3673 238 3712 cur
231 3652 468 3714 'irascebantur

151 3735 291 3800 LXXll.
316 3737 376 3800 Par
392 3738 461 3800 inde
473 3738 630 3814 exultatio,
643 3739 809 3822 disparibus
820 3741 918 3804 causis
932 3750 1106 3815 consecuta,

106 3823 268 3906 impetrato
283 3822 427 3908 Tigellini
443 3825 547 3890 exitio.
593 3825 766 3910 Sopbcuius
781 3825 961 3909 Tigellinus,
973 3824 1106 3888 obscuris
