2560 4258
119 242 143 304 4
458 239 497 305 0.
520 237 630 306 Coeo.
652 239 778 305 Tacrrr
813 253 817 262 '
921 241 977 326 [A.
990 239 1034 307 U.
1046 243 1123 310 822.

119 403 177 470 bus
193 403 304 489 Populi
321 401 453 468 Romani
474 405 626 482 cladibus,
636 401 770 506 magisve
782 404 871 492 justis
886 405 1001 471 indiciis
1012 388 1124 493 upprob

119 491 224 556 batum
241 505 298 570 est,
313 511 373 554 non
389 512 456 554 esse
471 513 550 556 curae
574 491 650 555 Deis
672 507 865 556 securitatem
887 509 1031 574 nostram,
1054 516 1122 559 esse

118 577 277 643 ultionem.

163 663 223 728 1v.
247 662 407 740 Ceterlrm,
423 677 585 750 antequam
601 664 750 728 destinata
764 685 958 750 componam,
979 680 1122 751 repeten-

120 751 192 816 dum
210 749 338 826 videtur,
351 751 446 834 qualis
457 766 551 814 status
563 752 654 828 urbis,
666 773 733 836 quae
747 773 832 815 mens
843 753 1043 831 exercituum,
1054 754 1121 839 quis

117 839 239 902 habitus
255 837 487 920 provinciarum,
503 839 573 922 quid
590 839 619 900 in
636 853 699 900 toto
714 854 858 902 terrarum
878 839 951 902 orbe
975 840 1119 919 validum,

119 924 191 1012 quid
207 945 318 1006 aegrum
335 921 441 1001 luerit3
465 939 497 986 ut
513 947 572 986 non
589 925 680 987 modo
694 946 782 988 casus
797 939 986 1010 eventusque
1007 947 1120 1006 rerum,

118 1011 169 1096 qui
186 1009 365 1094 plerlrmque
381 1009 491 1072 fortuiti
506 1025 587 1086 sunt,
602 1011 656 1072 sed
673 1011 748 1073 ratio
763 1011 853 1076 etiam
868 1033 1028 1096 causaque
1050 1033 1121 1076 nos·

118 1111 236 1162 cantur.
282 1093 368 1158 Finis
381 1094 409 1158 N
413 1097 510 1159 eronis
522 1111 555 1159 ut
567 1097 662 1173 laetus,
675 1099 772 1181 primo
783 1097 978 1182 gaudentium
991 1100 1119 1182 impetu,

117 1181 226 1260 suerat,
242 1181 282 1245 ita
298 1183 395 1245 varios
411 1197 509 1245 motus
525 1183 703 1260 animorum,
720 1205 778 1246 non
795 1183 887 1248 modd
898 1185 926 1247 in
939 1185 1025 1263 urbe,
1037 1185 1119 1270 apud

116 1267 235 1345 Patres,
251 1283 302 1331 aut
319 1269 475 1354 populum,
491 1283 542 1332 aut
558 1271 703 1332 urbanum
721 1270 858 1348 militem,
873 1271 927 1334 sed
947 1291 1053 1334 omnes
1075 1271 1120 1335 la·

117 1355 222 1440 giones
235 1355 400 1440 Ducesque
412 1355 603 1419 conciverat:
627 1356 770 1438 evulgato
780 1355 903 1440 Imperii
916 1377 1036 1434 arcano,
1049 1377 1119 1442 pos·

117 1462 151 1506 se
167 1440 341 1524 Principem
363 1441 443 1518 alibi,
467 1441 557 1526 qnam
581 1440 689 1504 Romae
712 1443 786 1506 fieri.
833 1443 895 1507 Sed
919 1442 1027 1506 Patres
1049 1443 1119 1521 leri,

116 1527 263 1612 usurpatis
276 1528 374 1592 statim
391 1528 539 1604 libertate,
555 1529 704 1604 licentiirs,
720 1542 754 1591 ut
774 1549 845 1610 erga
867 1527 1042 1613 Principem
1064 1549 1119 1594 no-

116 1635 189 1678 vum
205 1630 236 1678 et
251 1615 427 1692 absentem3
452 1616 596 1697 primores
613 1613 760 1699 Equitum
777 1615 905 1698 proximi
922 1616 1032 1698 gaudio
1057 1615 1120 1680 Pa·

116 1713 217 1780 trum3
241 1723 308 1784 pars
325 1701 426 1785 populi
443 1701 570 1784 integra,
586 1715 616 1765 et
632 1703 747 1784 magnis
763 1701 902 1766 domibus
917 1723 1047 1780 annexa,
1063 1702 1119 1766 cli·

117 1803 204 1852 entes
220 1788 379 1870 libertique
396 1787 604 1852 damnatorum
628 1805 659 1850 et
681 1788 819 1866 exulum,
842 1789 872 1852 in
894 1810 981 1872 spem
1004 1789 1119 1853 erecti:

115 1874 203 1958 plebs
218 1873 336 1936 sordida
352 1887 382 1935 et
397 1874 478 1936 circo
494 1895 529 1937 ac
545 1875 667 1936 theatris
682 1890 778 1952 sueta,
794 1875 881 1938 simul
894 1875 1045 1938 deterrimi
1055 1895 1119 1940 ser·

117 1979 235 2036 vorum,
252 1974 302 2021 aut
319 1959 379 2042 qui,
396 1959 493 2022 adesis
509 1961 604 2036 bonis,
622 1981 676 2044 per
691 1961 825 2024 dedecus
843 1959 973 2025 Neronis
996 1963 1119 2026 aleban-

118 2059 176 2122 tur,
194 2046 293 2108 moesti
311 2059 341 2108 et
357 2067 510 2108 rumorum
526 2046 617 2108 avidi.

163 2130 205 2193 V.
230 2131 320 2194 llliles
336 2131 476 2206 urbanus,
493 2132 584 2213 longo
600 2129 754 2194 Caesarum
771 2143 960 2195 sacramento
975 2131 1119 2210 imbutus,

117 2231 149 2284 et
164 2217 201 2281 ad
219 2217 441 2280 destituendum
460 2216 614 2280 Neronem
632 2233 695 2279 arte
711 2214 805 2299 magis
819 2231 851 2280 et
866 2217 1008 2302 impulsu,
1027 2217 1119 2302 qut'un

116 2325 172 2370 suo
188 2305 319 2386 ingenio,
330 2304 493 2380 traductus,
508 2319 666 2387 postquam
678 2325 778 2388 nequo
791 2303 853 2366 dari
865 2305 1052 2380 donativum,
1062 2303 1118 2367 sub

116 2391 239 2456 nomine
255 2389 360 2452 Galbae
374 2391 563 2472 promissum,
577 2411 676 2473 neque
689 2391 804 2471 magnis
815 2390 928 2452 meritis
939 2411 974 2453 ac
991 2390 1120 2473 praemiis

117 2479 248 2542 eundem
265 2478 294 2539 in
312 2497 398 2560 pace,
415 2497 504 2559 quem
521 2477 550 2538 in
564 2476 655 2551 bello,
667 2476 779 2552 locum,
793 2490 1037 2560 praeventamque
1052 2497 1120 2560 gra·

116 2564 189 2628 tiam
206 2563 343 2644 intelligit
359 2563 439 2644 opud
453 2561 627 2646 Principem
640 2583 657 2624 a
669 2561 837 2644 legionibus
852 2560 984 2638 lactum3
1008 2581 1120 2645 pronus

116 2651 155 2714 ad
171 2671 264 2712 novas
280 2669 337 2724 res,
353 2648 468 2710 scelere
489 2649 611 2731 insuper
634 2645 814 2730 Nymphidii
838 2646 941 2710 Sabini
965 2647 1116 2727 Praefecti,

99 2773 102 2780 ·
116 2733 281 2819 Imperium
294 2735 348 2797 sibi
361 2734 521 2811 molientis,
534 2735 673 2818 agitatur.
721 2733 761 2795 Et
774 2731 981 2818 Nymphidius
993 2733 1116 2818 quidem

115 2823 146 2888 in
162 2825 228 2907 ipso
242 2836 352 2885 conatu
367 2841 547 2904 oppressus:
571 2819 638 2896 sed,
656 2820 793 2904 quamvis
815 2821 915 2904 capite
938 2819 1117 2885 desectionis

116 2909 228 2985 ablato,
245 2907 384 2970 manebat
397 2907 547 2990 plerisque
560 2907 686 2968 militurn
698 2905 882 2970 conscientia
890 2927 899 2983 ;
922 2927 979 2970 nec
991 2907 1117 2971 deerant

117 3015 283 3071 sermones,
300 2993 435 3056 ‘senium
455 3008 545 3077 atque
568 2993 721 3055 avaritiam
746 2991 862 3056 Galbae’
885 2993 1117 3076 increpantium.

116 3081 257 3147 Laudata
272 3080 343 3142 olim
360 3095 390 3143 et
407 3079 524 3141 militari
539 3078 620 3141 saurir
630 3079 782 3142 celebrata
793 3079 937 3142 severitas
949 3079 1014 3164 ejus
1026 3097 1119 3160 ange·
1136 3098 1145 3112 ·
1165 3101 1171 3112 ·

116 3168 168 3233 bat
184 3181 378 3250 aspernantes
394 3180 528 3228 veterem
545 3165 743 3248 disciplinam,
759 3179 850 3248 atque
872 3165 914 3226 ita
936 3163 1119 3246 quatuorde-

116 3255 177 3320 cim
193 3254 277 3316 annis
293 3275 310 3316 a
326 3251 450 3315 Nerone
472 3250 665 3326 assuefactos,
688 3265 720 3312 ot
737 3249 816 3313 haud
833 3247 931 3311 minirs
946 3249 1016 3311 vitia
1033 3247 1120 3312 Prin·

116 3341 219 3424 cipum
236 3353 381 3416 amarent,
405 3338 495 3424 quim
511 3339 581 3400 olirn
599 3338 722 3399 virtutes
745 3335 935 3398 verebantur.
981 3335 1119 3400 Accessit

118 3427 223 3492 Galba
246 3447 318 3504 vox,
343 3447 397 3508 pro
412 3422 587 3508 Republica
610 3423 745 3498 honesta,
769 3421 825 3504 ipsi
848 3441 972 3504 anceps,
995 3421 1076 3504 ‘legi
1099 3441 1118 3486 a

117 3535 151 3579 se
167 3514 302 3590 militem,
324 3533 384 3574 nou
401 3511 484 3575 cmi)
529 3509 598 3574 Nec
614 3508 694 3573 enim
717 3508 755 3571 ad
776 3508 854 3572 hanc
869 3505 995 3572 sormam
1017 3521 1118 3572 cetera

118 3614 214 3665 elfini.

173 3683 231 3748 Vl.
262 3683 431 3748 Invalidum
462 3704 566 3746 senem
589 3681 631 3745 T.
646 3678 755 3745 Vinius
784 3693 815 3745 et
837 3678 996 3744 Cornelius
1018 3678 1115 3756 Laco,

116 3771 194 3838 alter
207 3772 384 3836 deterrimus
407 3771 588 3849 mortalium,
610 3769 686 3834 alter
705 3767 925 3852 ignavissimus,
946 3767 1016 3831 odio
1031 3765 1117 3850 flagi·

1238 3613 1277 3714 l
