<?xml version="1.0" encoding="UTF-8"?>
<!DOCTYPE html PUBLIC "-//W3C//DTD XHTML 1.0 Transitional//EN"
    "http://www.w3.org/TR/xhtml1/DTD/xhtml1-transitional.dtd">
<html xmlns="http://www.w3.org/1999/xhtml" xml:lang="en" lang="en">
 <head>
  <title>
</title>
<meta http-equiv="Content-Type" content="text/html;charset=utf-8" />
  <meta name='ocr-system' content='tesseract 3.04.00' />
  <meta name='ocr-capabilities' content='ocr_page ocr_carea ocr_par ocr_line ocrx_word'/>
</head>
<body>
  <div class='ocr_page' id='page_1' title='image "./ccorneliitaciti24tacigoog_0094.png"; bbox 0 0 2516 4250; ppageno 0'>
   <div class='ocr_carea' id='block_1_1' title="bbox 128 207 1134 294">
    <p class='ocr_par' dir='ltr' id='par_1_1' title="bbox 128 207 1134 294">
     <span class='ocr_line' id='line_1_1' title="bbox 128 207 1134 294; baseline 0 -20"><span class='ocrx_word' id='word_1_1' title='bbox 128 211 175 274; x_wconf 78' lang='grc'><strong>40</strong></span> <span class='ocrx_word' id='word_1_2' title='bbox 470 207 512 276; x_wconf 84' lang='lat' dir='ltr'><strong>C.</strong></span> <span class='ocrx_word' id='word_1_3' title='bbox 536 209 646 276; x_wconf 73' lang='lat' dir='ltr'><strong>Coae.</strong></span> <span class='ocrx_word' id='word_1_4' title='bbox 668 207 794 276; x_wconf 79' lang='lat' dir='ltr'><strong>Tacrrr</strong></span> <span class='ocrx_word' id='word_1_5' title='bbox 923 211 980 294; x_wconf 87' lang='lat' dir='ltr'><strong>[A.</strong></span> <span class='ocrx_word' id='word_1_6' title='bbox 995 209 1038 274; x_wconf 91' lang='lat' dir='ltr'><strong>U.</strong></span> <span class='ocrx_word' id='word_1_7' title='bbox 1054 211 1134 274; x_wconf 69' lang='lat'><strong>822.</strong></span> 
     </span>
    </p>
   </div>
   <div class='ocr_carea' id='block_1_2' title="bbox 128 371 1135 631">
    <p class='ocr_par' dir='ltr' id='par_1_2' title="bbox 128 371 1135 631">
     <span class='ocr_line' id='line_1_2' title="bbox 128 371 1135 458; baseline -0.002 -20"><span class='ocrx_word' id='word_1_8' title='bbox 128 393 207 448; x_wconf 92' lang='lat' dir='ltr'><strong>rum,</strong></span> <span class='ocrx_word' id='word_1_9' title='bbox 223 371 260 434; x_wconf 86' lang='lat' dir='ltr'><strong>ad</strong></span> <span class='ocrx_word' id='word_1_10' title='bbox 276 391 399 456; x_wconf 87' lang='lat' dir='ltr'><strong>poenarn</strong></span> <span class='ocrx_word' id='word_1_11' title='bbox 415 393 536 450; x_wconf 86' lang='lat' dir='ltr'><strong>vocare,</strong></span> <span class='ocrx_word' id='word_1_12' title='bbox 559 395 619 438; x_wconf 90' lang='lat' dir='ltr'><strong>non</strong></span> <span class='ocrx_word' id='word_1_13' title='bbox 636 373 739 438; x_wconf 83' lang='lat' dir='ltr'><strong>hercle</strong></span> <span class='ocrx_word' id='word_1_14' title='bbox 755 373 808 450; x_wconf 93' lang='lat' dir='ltr'><strong>illi,</strong></span> <span class='ocrx_word' id='word_1_15' title='bbox 823 394 898 458; x_wconf 90' lang='lat' dir='ltr'><strong>quos</strong></span> <span class='ocrx_word' id='word_1_16' title='bbox 912 373 983 437; x_wconf 88' lang='lat' dir='ltr'><strong>cirm</strong></span> <span class='ocrx_word' id='word_1_17' title='bbox 1000 373 1135 436; x_wconf 71' lang='lat' dir='ltr'><strong>maxime</strong></span> 
     </span>
     <span class='ocr_line' id='line_1_3' title="bbox 130 458 1134 536; baseline 0 -14"><span class='ocrx_word' id='word_1_18' title='bbox 130 458 274 522; x_wconf 85' lang='lat' dir='ltr'>Vitellius</span> <span class='ocrx_word' id='word_1_19' title='bbox 304 459 333 521; x_wconf 89' lang='lat' dir='ltr'><strong>iu</strong></span> <span class='ocrx_word' id='word_1_20' title='bbox 364 481 419 522; x_wconf 87' lang='lat' dir='ltr'><strong>nos</strong></span> <span class='ocrx_word' id='word_1_21' title='bbox 444 461 515 536; x_wconf 89' lang='lat' dir='ltr'><strong>ciet,</strong></span> <span class='ocrx_word' id='word_1_22' title='bbox 547 459 691 523; x_wconf 79' lang='lat' dir='ltr'><strong>Germani</strong></span> <span class='ocrx_word' id='word_1_23' title='bbox 719 460 860 524; x_wconf 83' lang='lat' dir='ltr'><strong>audeant.</strong></span> <span class='ocrx_word' id='word_1_24' title='bbox 905 458 1010 522; x_wconf 90' lang='lat' dir='ltr'><strong>Ulline</strong></span> <span class='ocrx_word' id='word_1_25' title='bbox 1039 459 1134 522; x_wconf 84' lang='lat' dir='ltr'><strong>ltaliae</strong></span> 
     </span>
     <span class='ocr_line' id='line_1_4' title="bbox 129 545 1134 631; baseline -0.001 -22"><span class='ocrx_word' id='word_1_26' title='bbox 129 546 253 620; x_wconf 80' lang='lat' dir='ltr'><strong>alumni,</strong></span> <span class='ocrx_word' id='word_1_27' title='bbox 266 561 296 608; x_wconf 89' lang='lat' dir='ltr'><strong>et</strong></span> <span class='ocrx_word' id='word_1_28' title='bbox 308 545 450 608; x_wconf 88' lang='lat' dir='ltr'><strong>Romana</strong></span> <span class='ocrx_word' id='word_1_29' title='bbox 467 546 537 609; x_wconf 77' lang='lat' dir='ltr'><strong>verb</strong></span> <span class='ocrx_word' id='word_1_30' title='bbox 549 545 704 631; x_wconf 84' lang='lat' dir='ltr'><strong>juventus,</strong></span> <span class='ocrx_word' id='word_1_31' title='bbox 725 547 763 608; x_wconf 93' lang='lat' dir='ltr'><strong>ad</strong></span> <span class='ocrx_word' id='word_1_32' title='bbox 779 546 955 628; x_wconf 87' lang='lat' dir='ltr'><strong>sanguinem</strong></span> <span class='ocrx_word' id='word_1_33' title='bbox 970 561 1002 610; x_wconf 90' lang='lat' dir='ltr'><strong>et</strong></span> <span class='ocrx_word' id='word_1_34' title='bbox 1016 546 1134 608; x_wconf 80' lang='lat' dir='ltr'><strong>cedem</strong></span> 
     </span>
    </p>
   </div>
   <div class='ocr_carea' id='block_1_3' title="bbox 128 629 1242 802">
    <p class='ocr_par' dir='ltr' id='par_1_3' title="bbox 128 629 1242 802">
     <span class='ocr_line' id='line_1_5' title="bbox 129 629 1242 716; baseline -0.004 -20"><span class='ocrx_word' id='word_1_35' title='bbox 129 633 331 714; x_wconf 80' lang='lat' dir='ltr'><strong>deposcerent</strong></span> <span class='ocrx_word' id='word_1_36' title='bbox 346 631 493 707; x_wconf 82' lang='lat' dir='ltr'>ordinem,</span> <span class='ocrx_word' id='word_1_37' title='bbox 516 631 604 716; x_wconf 87' lang='lat' dir='ltr'><strong>cnjus</strong></span> <span class='ocrx_word' id='word_1_38' title='bbox 627 632 789 716; x_wconf 82' lang='lat' dir='ltr'>splendore</span> <span class='ocrx_word' id='word_1_39' title='bbox 811 647 842 694; x_wconf 85' lang='lat' dir='ltr'><strong>et</strong></span> <span class='ocrx_word' id='word_1_40' title='bbox 864 631 960 714; x_wconf 76' lang='lat' dir='ltr'><strong>gloritl</strong></span> <span class='ocrx_word' id='word_1_41' title='bbox 984 633 1086 694; x_wconf 88' lang='lat' dir='ltr'><strong>sordes</strong></span> <span class='ocrx_word' id='word_1_42' title='bbox 1101 644 1136 696; x_wconf 87' lang='lat' dir='ltr'><strong>et</strong></span> <span class='ocrx_word' id='word_1_43' title='bbox 1241 629 1242 632; x_wconf 65' lang='grc'>’</span> 
     </span>
     <span class='ocr_line' id='line_1_6' title="bbox 128 715 1242 802; baseline -0.004 -20"><span class='ocrx_word' id='word_1_44' title='bbox 128 719 342 782; x_wconf 80' lang='lat' dir='ltr'><strong>obscuritatem</strong></span> <span class='ocrx_word' id='word_1_45' title='bbox 365 715 594 780; x_wconf 87' lang='lat' dir='ltr'><strong>Vitellianarum</strong></span> <span class='ocrx_word' id='word_1_46' title='bbox 624 719 750 800; x_wconf 88' lang='lat' dir='ltr'><strong>partium</strong></span> <span class='ocrx_word' id='word_1_47' title='bbox 777 719 1023 802; x_wconf 78' lang='lat' dir='ltr'><strong>perstringimus?</strong></span> <span class='ocrx_word' id='word_1_48' title='bbox 1068 715 1135 780; x_wconf 85' lang='lat' dir='ltr'><strong>Na·</strong></span> <span class='ocrx_word' id='word_1_49' title='bbox 1241 723 1242 754; x_wconf 54' lang='lat' dir='ltr'><strong>l</strong></span> 
     </span>
    </p>
   </div>
   <div class='ocr_carea' id='block_1_4' title="bbox 127 802 1134 1210">
    <p class='ocr_par' dir='ltr' id='par_1_4' title="bbox 127 802 1134 1210">
     <span class='ocr_line' id='line_1_7' title="bbox 128 802 1134 888; baseline -0.001 -21"><span class='ocrx_word' id='word_1_50' title='bbox 128 804 226 868; x_wconf 85' lang='lat' dir='ltr'><strong>tiones</strong></span> <span class='ocrx_word' id='word_1_51' title='bbox 242 804 356 888; x_wconf 88' lang='lat' dir='ltr'><strong>aliquas</strong></span> <span class='ocrx_word' id='word_1_52' title='bbox 376 805 538 886; x_wconf 87' lang='lat' dir='ltr'><strong>occupavit</strong></span> <span class='ocrx_word' id='word_1_53' title='bbox 555 802 708 880; x_wconf 86' lang='lat' dir='ltr'><strong>Vitellius,</strong></span> <span class='ocrx_word' id='word_1_54' title='bbox 730 805 892 886; x_wconf 87' lang='lat' dir='ltr'><strong>imaginem</strong></span> <span class='ocrx_word' id='word_1_55' title='bbox 909 805 1058 888; x_wconf 86' lang='lat' dir='ltr'><strong>quandam</strong></span> <span class='ocrx_word' id='word_1_56' title='bbox 1075 823 1134 866; x_wconf 81' lang='lat' dir='ltr'><strong>ex·</strong></span> 
     </span>
     <span class='ocr_line' id='line_1_8' title="bbox 129 889 1134 968; baseline -0.002 -14"><span class='ocrx_word' id='word_1_57' title='bbox 129 889 240 954; x_wconf 83' lang='lat' dir='ltr'><strong>ercittis</strong></span> <span class='ocrx_word' id='word_1_58' title='bbox 253 890 362 952; x_wconf 88' lang='lat' dir='ltr'><strong>habet:</strong></span> <span class='ocrx_word' id='word_1_59' title='bbox 388 889 517 952; x_wconf 90' lang='lat' dir='ltr'><strong>Senatus</strong></span> <span class='ocrx_word' id='word_1_60' title='bbox 530 890 685 952; x_wconf 88' lang='lat' dir='ltr'><strong>nobiscum</strong></span> <span class='ocrx_word' id='word_1_61' title='bbox 701 905 756 952; x_wconf 90' lang='lat' dir='ltr'><strong>est.</strong></span> <span class='ocrx_word' id='word_1_62' title='bbox 803 889 855 952; x_wconf 88' lang='lat' dir='ltr'><strong>Sin</strong></span> <span class='ocrx_word' id='word_1_63' title='bbox 868 891 910 968; x_wconf 85' lang='lat' dir='ltr'><strong>lit,</strong></span> <span class='ocrx_word' id='word_1_64' title='bbox 923 905 955 952; x_wconf 95' lang='lat' dir='ltr'><strong>ut</strong></span> <span class='ocrx_word' id='word_1_65' title='bbox 966 891 1036 952; x_wconf 92' lang='lat' dir='ltr'><strong>hinc</strong></span> <span class='ocrx_word' id='word_1_66' title='bbox 1052 889 1134 952; x_wconf 87' lang='lat' dir='ltr'><strong>Res·</strong></span> 
     </span>
     <span class='ocr_line' id='line_1_9' title="bbox 127 973 1133 1061; baseline 0 -23"><span class='ocrx_word' id='word_1_67' title='bbox 127 977 259 1061; x_wconf 90' lang='lat' dir='ltr'><strong>publica,</strong></span> <span class='ocrx_word' id='word_1_68' title='bbox 283 975 354 1036; x_wconf 89' lang='lat' dir='ltr'><strong>inde</strong></span> <span class='ocrx_word' id='word_1_69' title='bbox 371 975 472 1038; x_wconf 88' lang='lat' dir='ltr'><strong>hostes</strong></span> <span class='ocrx_word' id='word_1_70' title='bbox 490 973 679 1058; x_wconf 78' lang='lat' dir='ltr'><strong>Reipublice</strong></span> <span class='ocrx_word' id='word_1_71' title='bbox 701 976 899 1040; x_wconf 81' lang='lat' dir='ltr'><strong>constiterint.</strong></span> <span class='ocrx_word' id='word_1_72' title='bbox 945 974 1055 1050; x_wconf 81' lang='lat' dir='ltr'><strong>Quid?</strong></span> <span class='ocrx_word' id='word_1_73' title='bbox 1078 996 1133 1038; x_wconf 86' lang='lat' dir='ltr'><strong>vos</strong></span> 
     </span>
     <span class='ocr_line' id='line_1_10' title="bbox 129 1061 1134 1210; baseline 0.002 -88"><span class='ocrx_word' id='word_1_74' title='bbox 129 1061 363 1210; x_wconf 63' lang='lat' dir='ltr'><strong>pulcherrimam</strong></span> <span class='ocrx_word' id='word_1_75' title='bbox 381 1061 458 1122; x_wconf 90' lang='lat' dir='ltr'><strong>banc</strong></span> <span class='ocrx_word' id='word_1_76' title='bbox 475 1061 579 1123; x_wconf 92' lang='lat' dir='ltr'><strong>urbem</strong></span> <span class='ocrx_word' id='word_1_77' title='bbox 603 1061 742 1123; x_wconf 91' lang='lat' dir='ltr'><strong>domibus</strong></span> <span class='ocrx_word' id='word_1_78' title='bbox 764 1077 796 1124; x_wconf 90' lang='lat' dir='ltr'><strong>et</strong></span> <span class='ocrx_word' id='word_1_79' title='bbox 821 1062 909 1124; x_wconf 89' lang='lat' dir='ltr'><strong>tectis</strong></span> <span class='ocrx_word' id='word_1_80' title='bbox 933 1077 964 1124; x_wconf 91' lang='lat' dir='ltr'><strong>et</strong></span> <span class='ocrx_word' id='word_1_81' title='bbox 986 1077 1134 1142; x_wconf 85' lang='lat' dir='ltr'><strong>congestu</strong></span> 
     </span>
    </p>
   </div>
   <div class='ocr_carea' id='block_1_5' title="bbox 163 1146 1242 1230">
    <p class='ocr_par' dir='ltr' id='par_1_5' title="bbox 163 1146 1242 1230">
     <span class='ocr_line' id='line_1_11' title="bbox 163 1146 1242 1230; baseline 0.002 -22"><span class='ocrx_word' id='word_1_82' title='bbox 163 1147 265 1230; x_wconf 92' lang='lat' dir='ltr'><strong>pidum</strong></span> <span class='ocrx_word' id='word_1_83' title='bbox 288 1161 367 1208; x_wconf 88' lang='lat' dir='ltr'><strong>stare</strong></span> <span class='ocrx_word' id='word_1_84' title='bbox 390 1147 532 1208; x_wconf 81' lang='lat' dir='ltr'><strong>creditis?</strong></span> <span class='ocrx_word' id='word_1_85' title='bbox 570 1146 658 1210; x_wconf 89' lang='lat' dir='ltr'><strong>Muta</strong></span> <span class='ocrx_word' id='word_1_86' title='bbox 680 1148 734 1210; x_wconf 91' lang='lat' dir='ltr'><strong>ista</strong></span> <span class='ocrx_word' id='word_1_87' title='bbox 755 1163 785 1210; x_wconf 90' lang='lat' dir='ltr'><strong>et</strong></span> <span class='ocrx_word' id='word_1_88' title='bbox 808 1147 938 1210; x_wconf 90' lang='lat' dir='ltr'><strong>inanima</strong></span> <span class='ocrx_word' id='word_1_89' title='bbox 954 1147 1134 1210; x_wconf 81' lang='lat' dir='ltr'><strong>intercidere</strong></span> <span class='ocrx_word' id='word_1_90' title='bbox 1241 1167 1242 1172; x_wconf 51' lang='lat'>¹</span> 
     </span>
    </p>
   </div>
   <div class='ocr_carea' id='block_1_6' title="bbox 130 1232 1142 2263">
    <p class='ocr_par' dir='ltr' id='par_1_6' title="bbox 130 1232 1142 1829">
     <span class='ocr_line' id='line_1_12' title="bbox 131 1232 1135 1316; baseline 0.003 -23"><span class='ocrx_word' id='word_1_91' title='bbox 131 1255 167 1297; x_wconf 82' lang='lat' dir='ltr'><strong>ac</strong></span> <span class='ocrx_word' id='word_1_92' title='bbox 183 1232 313 1314; x_wconf 82' lang='lat' dir='ltr'><strong>reparari</strong></span> <span class='ocrx_word' id='word_1_93' title='bbox 331 1233 499 1315; x_wconf 85' lang='lat' dir='ltr'><strong>promiscua</strong></span> <span class='ocrx_word' id='word_1_94' title='bbox 514 1247 603 1295; x_wconf 88' lang='lat' dir='ltr'><strong>sunt:</strong></span> <span class='ocrx_word' id='word_1_95' title='bbox 626 1233 774 1296; x_wconf 81' lang='lat' dir='ltr'><strong>eternitas</strong></span> <span class='ocrx_word' id='word_1_96' title='bbox 796 1254 895 1296; x_wconf 89' lang='lat' dir='ltr'><strong>rerum</strong></span> <span class='ocrx_word' id='word_1_97' title='bbox 919 1247 950 1296; x_wconf 89' lang='lat' dir='ltr'><strong>et</strong></span> <span class='ocrx_word' id='word_1_98' title='bbox 975 1255 1035 1316; x_wconf 84' lang='lat' dir='ltr'><strong>pax</strong></span> <span class='ocrx_word' id='word_1_99' title='bbox 1060 1253 1135 1315; x_wconf 89' lang='lat' dir='ltr'><strong>gen·</strong></span> 
     </span>
     <span class='ocr_line' id='line_1_13' title="bbox 130 1317 1135 1382; baseline -0.001 0"><span class='ocrx_word' id='word_1_100' title='bbox 130 1319 207 1382; x_wconf 86' lang='lat' dir='ltr'><strong>tium</strong></span> <span class='ocrx_word' id='word_1_101' title='bbox 224 1334 254 1380; x_wconf 91' lang='lat' dir='ltr'><strong>et</strong></span> <span class='ocrx_word' id='word_1_102' title='bbox 271 1339 339 1380; x_wconf 90' lang='lat' dir='ltr'><strong>mea</strong></span> <span class='ocrx_word' id='word_1_103' title='bbox 354 1339 423 1381; x_wconf 91' lang='lat' dir='ltr'><strong>cum</strong></span> <span class='ocrx_word' id='word_1_104' title='bbox 442 1317 542 1381; x_wconf 77' lang='lat' dir='ltr'><strong>restria</strong></span> <span class='ocrx_word' id='word_1_105' title='bbox 563 1319 643 1382; x_wconf 88' lang='lat' dir='ltr'><strong>salus</strong></span> <span class='ocrx_word' id='word_1_106' title='bbox 669 1319 874 1382; x_wconf 80' lang='lat' dir='ltr'><strong>incolumitate</strong></span> <span class='ocrx_word' id='word_1_107' title='bbox 890 1318 1020 1382; x_wconf 79' lang='lat' dir='ltr'><strong>Senatirs</strong></span> <span class='ocrx_word' id='word_1_108' title='bbox 1035 1320 1135 1382; x_wconf 88' lang='lat' dir='ltr'><strong>firma·</strong></span> 
     </span>
     <span class='ocr_line' id='line_1_14' title="bbox 130 1401 1135 1488; baseline -0.001 -19"><span class='ocrx_word' id='word_1_109' title='bbox 130 1419 189 1469; x_wconf 90' lang='lat' dir='ltr'><strong>tur.</strong></span> <span class='ocrx_word' id='word_1_110' title='bbox 236 1401 330 1466; x_wconf 91' lang='lat' dir='ltr'><strong>Hunc</strong></span> <span class='ocrx_word' id='word_1_111' title='bbox 345 1404 500 1488; x_wconf 79' lang='lat' dir='ltr'><strong>auspicato</strong></span> <span class='ocrx_word' id='word_1_112' title='bbox 523 1426 540 1468; x_wconf 92' lang='lat' dir='ltr'><strong>a</strong></span> <span class='ocrx_word' id='word_1_113' title='bbox 568 1419 692 1488; x_wconf 90' lang='lat' dir='ltr'><strong>parente</strong></span> <span class='ocrx_word' id='word_1_114' title='bbox 708 1419 738 1468; x_wconf 87' lang='lat' dir='ltr'><strong>et</strong></span> <span class='ocrx_word' id='word_1_115' title='bbox 753 1405 909 1468; x_wconf 88' lang='lat' dir='ltr'><strong>conditore</strong></span> <span class='ocrx_word' id='word_1_116' title='bbox 924 1406 1005 1469; x_wconf 89' lang='lat' dir='ltr'><strong>urbis</strong></span> <span class='ocrx_word' id='word_1_117' title='bbox 1027 1420 1135 1468; x_wconf 75' lang='lat' dir='ltr'><strong>nostre</strong></span> 
     </span>
     <span class='ocr_line' id='line_1_15' title="bbox 131 1489 1142 1576; baseline -0.002 -20"><span class='ocrx_word' id='word_1_118' title='bbox 131 1491 312 1567; x_wconf 89' lang='lat' dir='ltr'><strong>institutum,</strong></span> <span class='ocrx_word' id='word_1_119' title='bbox 335 1505 366 1553; x_wconf 89' lang='lat' dir='ltr'><strong>et</strong></span> <span class='ocrx_word' id='word_1_120' title='bbox 381 1511 397 1552; x_wconf 88' lang='lat' dir='ltr'><strong>a</strong></span> <span class='ocrx_word' id='word_1_121' title='bbox 415 1489 553 1575; x_wconf 82' lang='lat' dir='ltr'><strong>Regibus</strong></span> <span class='ocrx_word' id='word_1_122' title='bbox 569 1491 715 1576; x_wconf 88' lang='lat' dir='ltr'><strong>usquead</strong></span> <span class='ocrx_word' id='word_1_123' title='bbox 733 1490 890 1575; x_wconf 85' lang='lat' dir='ltr'><strong>Principes</strong></span> <span class='ocrx_word' id='word_1_124' title='bbox 904 1491 1080 1554; x_wconf 87' lang='lat' dir='ltr'><strong>continuum</strong></span> <span class='ocrx_word' id='word_1_125' title='bbox 1102 1505 1142 1554; x_wconf 83' lang='lat' dir='ltr'><strong>et-</strong></span> 
     </span>
     <span class='ocr_line' id='line_1_16' title="bbox 132 1576 1136 1662; baseline -0.002 -20"><span class='ocrx_word' id='word_1_126' title='bbox 132 1577 345 1653; x_wconf 89' lang='lat' dir='ltr'><strong>immortalem,</strong></span> <span class='ocrx_word' id='word_1_127' title='bbox 367 1578 444 1640; x_wconf 89' lang='lat' dir='ltr'><strong>sicut</strong></span> <span class='ocrx_word' id='word_1_128' title='bbox 459 1598 477 1640; x_wconf 86' lang='lat' dir='ltr'><strong>a</strong></span> <span class='ocrx_word' id='word_1_129' title='bbox 503 1576 664 1662; x_wconf 89' lang='lat' dir='ltr'><strong>majoribus</strong></span> <span class='ocrx_word' id='word_1_130' title='bbox 679 1577 863 1661; x_wconf 89' lang='lat' dir='ltr'><strong>accepimus,</strong></span> <span class='ocrx_word' id='word_1_131' title='bbox 878 1578 920 1640; x_wconf 92' lang='lat' dir='ltr'><strong>sic</strong></span> <span class='ocrx_word' id='word_1_132' title='bbox 937 1579 1062 1660; x_wconf 76' lang='lat' dir='ltr'><strong>posteris</strong></span> <span class='ocrx_word' id='word_1_133' title='bbox 1076 1591 1136 1640; x_wconf 80' lang='lat' dir='ltr'><strong>tra·</strong></span> 
     </span>
     <span class='ocr_line' id='line_1_17' title="bbox 132 1661 1136 1748; baseline 0 -22"><span class='ocrx_word' id='word_1_134' title='bbox 132 1663 249 1726; x_wconf 85' lang='lat' dir='ltr'><strong>damus.</strong></span> <span class='ocrx_word' id='word_1_135' title='bbox 296 1661 388 1739; x_wconf 89' lang='lat' dir='ltr'><strong>Nam,</strong></span> <span class='ocrx_word' id='word_1_136' title='bbox 412 1679 444 1726; x_wconf 94' lang='lat' dir='ltr'><strong>ut</strong></span> <span class='ocrx_word' id='word_1_137' title='bbox 466 1685 508 1728; x_wconf 83' lang='lat' dir='ltr'><strong>ex</strong></span> <span class='ocrx_word' id='word_1_138' title='bbox 529 1665 613 1728; x_wconf 89' lang='lat' dir='ltr'><strong>vobis</strong></span> <span class='ocrx_word' id='word_1_139' title='bbox 629 1663 804 1741; x_wconf 88' lang='lat' dir='ltr'><strong>Senatores,</strong></span> <span class='ocrx_word' id='word_1_140' title='bbox 826 1664 867 1726; x_wconf 91' lang='lat' dir='ltr'><strong>ita</strong></span> <span class='ocrx_word' id='word_1_141' title='bbox 882 1663 1136 1748; x_wconf 41' lang='lat' dir='ltr'><strong>rix-Senatoribus</strong></span> 
     </span>
     <span class='ocr_line' id='line_1_18' title="bbox 132 1747 494 1829; baseline -0.006 -15"><span class='ocrx_word' id='word_1_142' title='bbox 132 1747 292 1829; x_wconf 85' lang='lat' dir='ltr'><strong>Principes</strong></span> <span class='ocrx_word' id='word_1_143' title='bbox 309 1751 494 1813; x_wconf 90' lang='lat' dir='ltr'><strong>nascuntur.&#39;</strong></span> 
     </span>
    </p>

    <p class='ocr_par' dir='ltr' id='par_1_7' title="bbox 134 1833 1137 2263">
     <span class='ocr_line' id='line_1_19' title="bbox 177 1833 1133 1920; baseline 0 -22"><span class='ocrx_word' id='word_1_144' title='bbox 177 1833 354 1898; x_wconf 90' lang='lat' dir='ltr'>LXXXV.</span> <span class='ocrx_word' id='word_1_145' title='bbox 380 1835 427 1898; x_wconf 84' lang='lat' dir='ltr'><strong>Ea</strong></span> <span class='ocrx_word' id='word_1_146' title='bbox 449 1837 544 1900; x_wconf 88' lang='lat' dir='ltr'><strong>oratio</strong></span> <span class='ocrx_word' id='word_1_147' title='bbox 566 1837 603 1899; x_wconf 93' lang='lat' dir='ltr'><strong>ad</strong></span> <span class='ocrx_word' id='word_1_148' title='bbox 626 1835 869 1920; x_wconf 87' lang='lat' dir='ltr'><strong>perstringendos</strong></span> <span class='ocrx_word' id='word_1_149' title='bbox 892 1835 1133 1918; x_wconf 83' lang='lat' dir='ltr'><strong>mulcendosque</strong></span> 
     </span>
     <span class='ocr_line' id='line_1_20' title="bbox 134 1921 1137 2006; baseline -0.001 -21"><span class='ocrx_word' id='word_1_150' title='bbox 134 1922 262 1986; x_wconf 87' lang='lat' dir='ltr'><strong>militum</strong></span> <span class='ocrx_word' id='word_1_151' title='bbox 279 1921 405 1996; x_wconf 89' lang='lat' dir='ltr'><strong>animos,</strong></span> <span class='ocrx_word' id='word_1_152' title='bbox 417 1936 448 1984; x_wconf 90' lang='lat' dir='ltr'><strong>et</strong></span> <span class='ocrx_word' id='word_1_153' title='bbox 463 1923 628 1985; x_wconf 85' lang='lat' dir='ltr'><strong>severitatis</strong></span> <span class='ocrx_word' id='word_1_154' title='bbox 644 1923 751 1985; x_wconf 89' lang='lat' dir='ltr'><strong>modus</strong></span> <span class='ocrx_word' id='word_1_155' title='bbox 762 1921 877 2006; x_wconf 91' lang='lat' dir='ltr'><strong>(neque</strong></span> <span class='ocrx_word' id='word_1_156' title='bbox 892 1922 972 1984; x_wconf 90' lang='lat' dir='ltr'><strong>enim</strong></span> <span class='ocrx_word' id='word_1_157' title='bbox 989 1922 1017 1984; x_wconf 91' lang='lat' dir='ltr'><strong>in</strong></span> <span class='ocrx_word' id='word_1_158' title='bbox 1035 1921 1137 2004; x_wconf 91' lang='lat' dir='ltr'><strong>plures</strong></span> 
     </span>
     <span class='ocr_line' id='line_1_21' title="bbox 136 2006 1137 2092; baseline 0.002 -24"><span class='ocrx_word' id='word_1_159' title='bbox 136 2007 227 2092; x_wconf 76' lang='lat' dir='ltr'><strong>quam</strong></span> <span class='ocrx_word' id='word_1_160' title='bbox 239 2007 267 2068; x_wconf 91' lang='lat' dir='ltr'><strong>in</strong></span> <span class='ocrx_word' id='word_1_161' title='bbox 278 2006 354 2068; x_wconf 92' lang='lat' dir='ltr'><strong>duos</strong></span> <span class='ocrx_word' id='word_1_162' title='bbox 366 2008 561 2070; x_wconf 85' lang='lat' dir='ltr'><strong>animadverti</strong></span> <span class='ocrx_word' id='word_1_163' title='bbox 575 2007 720 2092; x_wconf 88' lang='lat' dir='ltr'><strong>jusserat)</strong></span> <span class='ocrx_word' id='word_1_164' title='bbox 733 2008 816 2089; x_wconf 81' lang='lat' dir='ltr'><strong>grat&#39;e</strong></span> <span class='ocrx_word' id='word_1_165' title='bbox 832 2023 969 2092; x_wconf 91' lang='lat' dir='ltr'><strong>accepta,</strong></span> <span class='ocrx_word' id='word_1_166' title='bbox 984 2007 1137 2090; x_wconf 88' lang='lat' dir='ltr'><strong>composi·</strong></span> 
     </span>
     <span class='ocr_line' id='line_1_22' title="bbox 134 2092 1135 2178; baseline 0 -22"><span class='ocrx_word' id='word_1_167' title='bbox 134 2093 219 2178; x_wconf 86' lang='lat' dir='ltr'><strong>tique</strong></span> <span class='ocrx_word' id='word_1_168' title='bbox 232 2092 268 2154; x_wconf 91' lang='lat' dir='ltr'><strong>ad</strong></span> <span class='ocrx_word' id='word_1_169' title='bbox 287 2113 427 2174; x_wconf 84' lang='lat' dir='ltr'><strong>praesens,</strong></span> <span class='ocrx_word' id='word_1_170' title='bbox 444 2095 495 2176; x_wconf 91' lang='lat' dir='ltr'><strong>qui</strong></span> <span class='ocrx_word' id='word_1_171' title='bbox 510 2095 642 2156; x_wconf 88' lang='lat' dir='ltr'><strong>coerceri</strong></span> <span class='ocrx_word' id='word_1_172' title='bbox 666 2116 724 2156; x_wconf 90' lang='lat' dir='ltr'><strong>non</strong></span> <span class='ocrx_word' id='word_1_173' title='bbox 750 2109 898 2178; x_wconf 88' lang='lat' dir='ltr'><strong>poteraut.</strong></span> <span class='ocrx_word' id='word_1_174' title='bbox 944 2093 1015 2156; x_wconf 92' lang='lat' dir='ltr'><strong>Non</strong></span> <span class='ocrx_word' id='word_1_175' title='bbox 1032 2108 1135 2156; x_wconf 87' lang='lat' dir='ltr'><strong>tamen</strong></span> 
     </span>
     <span class='ocr_line' id='line_1_23' title="bbox 137 2177 1137 2263; baseline 0 -23"><span class='ocrx_word' id='word_1_176' title='bbox 137 2181 223 2263; x_wconf 90' lang='lat' dir='ltr'><strong>quies</strong></span> <span class='ocrx_word' id='word_1_177' title='bbox 240 2179 304 2239; x_wconf 89' lang='lat' dir='ltr'><strong>urbi</strong></span> <span class='ocrx_word' id='word_1_178' title='bbox 327 2177 477 2240; x_wconf 84' lang='lat' dir='ltr'><strong>redierat:</strong></span> <span class='ocrx_word' id='word_1_179' title='bbox 500 2180 642 2260; x_wconf 86' lang='lat' dir='ltr'><strong>strepitus</strong></span> <span class='ocrx_word' id='word_1_180' title='bbox 666 2180 793 2242; x_wconf 91' lang='lat' dir='ltr'><strong>telorum</strong></span> <span class='ocrx_word' id='word_1_181' title='bbox 810 2193 841 2241; x_wconf 87' lang='lat' dir='ltr'><strong>et</strong></span> <span class='ocrx_word' id='word_1_182' title='bbox 856 2179 947 2242; x_wconf 87' lang='lat' dir='ltr'><strong>sanies</strong></span> <span class='ocrx_word' id='word_1_183' title='bbox 965 2179 1035 2241; x_wconf 91' lang='lat' dir='ltr'><strong>belli</strong></span> <span class='ocrx_word' id='word_1_184' title='bbox 1050 2195 1137 2241; x_wconf 88' lang='lat' dir='ltr'><strong>erat:</strong></span> 
     </span>
    </p>
   </div>
   <div class='ocr_carea' id='block_1_7' title="bbox 135 2263 1242 2348">
    <p class='ocr_par' dir='ltr' id='par_1_8' title="bbox 135 2263 1242 2348">
     <span class='ocr_line' id='line_1_24' title="bbox 135 2263 1242 2348; baseline -0.003 -20"><span class='ocrx_word' id='word_1_185' title='bbox 135 2265 290 2339; x_wconf 86' lang='lat' dir='ltr'><strong>militibus,</strong></span> <span class='ocrx_word' id='word_1_186' title='bbox 306 2277 339 2325; x_wconf 95' lang='lat' dir='ltr'><strong>ut</strong></span> <span class='ocrx_word' id='word_1_187' title='bbox 356 2263 427 2325; x_wconf 91' lang='lat' dir='ltr'><strong>nibil</strong></span> <span class='ocrx_word' id='word_1_188' title='bbox 444 2264 651 2326; x_wconf 89' lang='lat' dir='ltr'><strong>incommune</strong></span> <span class='ocrx_word' id='word_1_189' title='bbox 675 2265 874 2341; x_wconf 87' lang='lat' dir='ltr'><strong>turbantibus,</strong></span> <span class='ocrx_word' id='word_1_190' title='bbox 889 2266 930 2328; x_wconf 91' lang='lat' dir='ltr'><strong>ita</strong></span> <span class='ocrx_word' id='word_1_191' title='bbox 952 2265 1061 2348; x_wconf 89' lang='lat' dir='ltr'><strong>sparsis</strong></span> <span class='ocrx_word' id='word_1_192' title='bbox 1082 2283 1138 2347; x_wconf 90' lang='lat' dir='ltr'><strong>per</strong></span> <span class='ocrx_word' id='word_1_193' title='bbox 1241 2331 1242 2338; x_wconf 8' lang='grc' dir='ltr'>χ</span> 
     </span>
    </p>
   </div>
   <div class='ocr_carea' id='block_1_8' title="bbox 134 2349 1142 3209">
    <p class='ocr_par' dir='ltr' id='par_1_9' title="bbox 134 2349 1142 3209">
     <span class='ocr_line' id='line_1_25' title="bbox 137 2349 1139 2434; baseline -0.002 -20"><span class='ocrx_word' id='word_1_194' title='bbox 137 2351 255 2426; x_wconf 92' lang='lat' dir='ltr'><strong>domos,</strong></span> <span class='ocrx_word' id='word_1_195' title='bbox 271 2350 392 2412; x_wconf 90' lang='lat' dir='ltr'><strong>occulto</strong></span> <span class='ocrx_word' id='word_1_196' title='bbox 409 2349 522 2426; x_wconf 89' lang='lat' dir='ltr'><strong>lrabitu,</strong></span> <span class='ocrx_word' id='word_1_197' title='bbox 539 2365 570 2414; x_wconf 94' lang='lat' dir='ltr'><strong>et</strong></span> <span class='ocrx_word' id='word_1_198' title='bbox 585 2351 716 2434; x_wconf 73' lang='lat' dir='ltr'><strong>malignis</strong></span> <span class='ocrx_word' id='word_1_199' title='bbox 730 2350 802 2413; x_wconf 79' lang='lat' dir='ltr'><strong>curti</strong></span> <span class='ocrx_word' id='word_1_200' title='bbox 814 2351 843 2413; x_wconf 92' lang='lat' dir='ltr'><strong>in</strong></span> <span class='ocrx_word' id='word_1_201' title='bbox 859 2371 976 2427; x_wconf 88' lang='lat' dir='ltr'><strong>ornnes,</strong></span> <span class='ocrx_word' id='word_1_202' title='bbox 993 2372 1068 2434; x_wconf 89' lang='lat' dir='ltr'><strong>quos</strong></span> <span class='ocrx_word' id='word_1_203' title='bbox 1082 2371 1139 2412; x_wconf 91' lang='lat' dir='ltr'><strong>nn-</strong></span> 
     </span>
     <span class='ocr_line' id='line_1_26' title="bbox 136 2436 1138 2521; baseline -0.001 -22"><span class='ocrx_word' id='word_1_204' title='bbox 136 2437 235 2500; x_wconf 87' lang='lat' dir='ltr'><strong>bilitas</strong></span> <span class='ocrx_word' id='word_1_205' title='bbox 252 2449 302 2498; x_wconf 90' lang='lat' dir='ltr'><strong>aut</strong></span> <span class='ocrx_word' id='word_1_206' title='bbox 318 2457 393 2517; x_wconf 89' lang='lat' dir='ltr'><strong>opes</strong></span> <span class='ocrx_word' id='word_1_207' title='bbox 414 2451 464 2498; x_wconf 91' lang='lat' dir='ltr'><strong>aut</strong></span> <span class='ocrx_word' id='word_1_208' title='bbox 480 2438 579 2521; x_wconf 91' lang='lat' dir='ltr'><strong>aliqua</strong></span> <span class='ocrx_word' id='word_1_209' title='bbox 594 2438 716 2519; x_wconf 83' lang='lat' dir='ltr'><strong>insignis</strong></span> <span class='ocrx_word' id='word_1_210' title='bbox 731 2437 878 2500; x_wconf 88' lang='lat' dir='ltr'><strong>claritudo</strong></span> <span class='ocrx_word' id='word_1_211' title='bbox 900 2439 1068 2500; x_wconf 90' lang='lat' dir='ltr'><strong>rumoribus</strong></span> <span class='ocrx_word' id='word_1_212' title='bbox 1082 2436 1138 2499; x_wconf 87' lang='lat' dir='ltr'><strong>ob·</strong></span> 
     </span>
     <span class='ocr_line' id='line_1_27' title="bbox 134 2520 1138 2609; baseline -0.001 -23"><span class='ocrx_word' id='word_1_213' title='bbox 134 2522 263 2609; x_wconf 87' lang='lat' dir='ltr'><strong>jecerat.</strong></span> <span class='ocrx_word' id='word_1_214' title='bbox 310 2520 489 2586; x_wconf 89' lang='lat' dir='ltr'><strong>Vitellianos</strong></span> <span class='ocrx_word' id='word_1_215' title='bbox 505 2545 626 2608; x_wconf 88' lang='lat' dir='ltr'><strong>quoque</strong></span> <span class='ocrx_word' id='word_1_216' title='bbox 650 2524 759 2586; x_wconf 89' lang='lat' dir='ltr'><strong>milites</strong></span> <span class='ocrx_word' id='word_1_217' title='bbox 779 2524 898 2586; x_wconf 84' lang='lat' dir='ltr'><strong>venisse</strong></span> <span class='ocrx_word' id='word_1_218' title='bbox 920 2523 950 2586; x_wconf 90' lang='lat' dir='ltr'><strong>in</strong></span> <span class='ocrx_word' id='word_1_219' title='bbox 967 2523 1071 2585; x_wconf 89' lang='lat' dir='ltr'><strong>urbem</strong></span> <span class='ocrx_word' id='word_1_220' title='bbox 1096 2522 1138 2585; x_wconf 90' lang='lat' dir='ltr'><strong>ad</strong></span> 
     </span>
     <span class='ocr_line' id='line_1_28' title="bbox 136 2607 1138 2694; baseline -0.001 -21"><span class='ocrx_word' id='word_1_221' title='bbox 136 2609 236 2673; x_wconf 85' lang='lat' dir='ltr'><strong>studia</strong></span> <span class='ocrx_word' id='word_1_222' title='bbox 253 2609 379 2692; x_wconf 90' lang='lat' dir='ltr'><strong>partium</strong></span> <span class='ocrx_word' id='word_1_223' title='bbox 396 2611 559 2685; x_wconf 88' lang='lat' dir='ltr'><strong>noscenda,</strong></span> <span class='ocrx_word' id='word_1_224' title='bbox 574 2610 707 2694; x_wconf 88' lang='lat' dir='ltr'><strong>plerique</strong></span> <span class='ocrx_word' id='word_1_225' title='bbox 722 2609 897 2672; x_wconf 87' lang='lat' dir='ltr'><strong>credebant.</strong></span> <span class='ocrx_word' id='word_1_226' title='bbox 942 2607 1035 2671; x_wconf 86' lang='lat' dir='ltr'><strong>Unde</strong></span> <span class='ocrx_word' id='word_1_227' title='bbox 1048 2608 1138 2692; x_wconf 85' lang='lat' dir='ltr'><strong>plena</strong></span> 
     </span>
     <span class='ocr_line' id='line_1_29' title="bbox 137 2693 1137 2777; baseline 0 -19"><span class='ocrx_word' id='word_1_228' title='bbox 137 2697 237 2758; x_wconf 90' lang='lat' dir='ltr'><strong>omnia</strong></span> <span class='ocrx_word' id='word_1_229' title='bbox 254 2695 469 2777; x_wconf 89' lang='lat' dir='ltr'><strong>suspicionum,</strong></span> <span class='ocrx_word' id='word_1_230' title='bbox 486 2711 517 2758; x_wconf 92' lang='lat' dir='ltr'><strong>et</strong></span> <span class='ocrx_word' id='word_1_231' title='bbox 533 2697 584 2758; x_wconf 88' lang='lat' dir='ltr'><strong>vix</strong></span> <span class='ocrx_word' id='word_1_232' title='bbox 600 2711 715 2758; x_wconf 88' lang='lat' dir='ltr'><strong>secreta</strong></span> <span class='ocrx_word' id='word_1_233' title='bbox 727 2695 870 2758; x_wconf 92' lang='lat' dir='ltr'><strong>domuum</strong></span> <span class='ocrx_word' id='word_1_234' title='bbox 887 2695 952 2757; x_wconf 88' lang='lat' dir='ltr'><strong>sine</strong></span> <span class='ocrx_word' id='word_1_235' title='bbox 967 2693 1137 2758; x_wconf 80' lang='lat' dir='ltr'><strong>formidine.</strong></span> 
     </span>
     <span class='ocr_line' id='line_1_30' title="bbox 140 2779 1140 2865; baseline -0.004 -19"><span class='ocrx_word' id='word_1_236' title='bbox 140 2781 202 2846; x_wconf 88' lang='lat' dir='ltr'><strong>Sed</strong></span> <span class='ocrx_word' id='word_1_237' title='bbox 220 2782 379 2864; x_wconf 90' lang='lat' dir='ltr'><strong>plurimum</strong></span> <span class='ocrx_word' id='word_1_238' title='bbox 397 2783 601 2864; x_wconf 88' lang='lat' dir='ltr'><strong>trepidationis</strong></span> <span class='ocrx_word' id='word_1_239' title='bbox 613 2783 642 2844; x_wconf 92' lang='lat' dir='ltr'><strong>iu</strong></span> <span class='ocrx_word' id='word_1_240' title='bbox 659 2782 789 2865; x_wconf 90' lang='lat' dir='ltr'><strong>publico.</strong></span> <span class='ocrx_word' id='word_1_241' title='bbox 835 2779 880 2843; x_wconf 91' lang='lat' dir='ltr'><strong>Ut</strong></span> <span class='ocrx_word' id='word_1_242' title='bbox 896 2803 1047 2865; x_wconf 89' lang='lat' dir='ltr'><strong>quemque</strong></span> <span class='ocrx_word' id='word_1_243' title='bbox 1062 2801 1140 2842; x_wconf 90' lang='lat' dir='ltr'><strong>nun·</strong></span> 
     </span>
     <span class='ocr_line' id='line_1_31' title="bbox 140 2867 1142 2951; baseline -0.002 -21"><span class='ocrx_word' id='word_1_244' title='bbox 140 2869 214 2930; x_wconf 92' lang='lat' dir='ltr'><strong>tium</strong></span> <span class='ocrx_word' id='word_1_245' title='bbox 233 2868 311 2930; x_wconf 88' lang='lat' dir='ltr'><strong>lama</strong></span> <span class='ocrx_word' id='word_1_246' title='bbox 327 2869 484 2945; x_wconf 86' lang='lat' dir='ltr'><strong>attulisset,</strong></span> <span class='ocrx_word' id='word_1_247' title='bbox 501 2870 632 2931; x_wconf 90' lang='lat' dir='ltr'><strong>animum</strong></span> <span class='ocrx_word' id='word_1_248' title='bbox 649 2868 826 2951; x_wconf 88' lang='lat' dir='ltr'><strong>vultumque</strong></span> <span class='ocrx_word' id='word_1_249' title='bbox 841 2868 990 2944; x_wconf 85' lang='lat' dir='ltr'><strong>conversi,</strong></span> <span class='ocrx_word' id='word_1_250' title='bbox 1003 2888 1042 2929; x_wconf 88' lang='lat' dir='ltr'><strong>ne</strong></span> <span class='ocrx_word' id='word_1_251' title='bbox 1063 2867 1142 2929; x_wconf 88' lang='lat' dir='ltr'><strong>diffi-</strong></span> 
     </span>
     <span class='ocr_line' id='line_1_32' title="bbox 135 2952 1142 3038; baseline -0.005 -19"><span class='ocrx_word' id='word_1_252' title='bbox 135 2955 213 3021; x_wconf 87' lang='lat' dir='ltr'><strong>-dere</strong></span> <span class='ocrx_word' id='word_1_253' title='bbox 224 2954 320 3026; x_wconf 90' lang='lat' dir='ltr'><strong>dubiis</strong></span> <span class='ocrx_word' id='word_1_254' title='bbox 332 2973 367 3016; x_wconf 89' lang='lat' dir='ltr'><strong>ac</strong></span> <span class='ocrx_word' id='word_1_255' title='bbox 379 2953 482 3038; x_wconf 85' lang='lat' dir='ltr'><strong>partlm</strong></span> <span class='ocrx_word' id='word_1_256' title='bbox 498 2956 629 3037; x_wconf 90' lang='lat' dir='ltr'><strong>gaudere</strong></span> <span class='ocrx_word' id='word_1_257' title='bbox 642 2954 791 3037; x_wconf 88' lang='lat' dir='ltr'><strong>prosperis</strong></span> <span class='ocrx_word' id='word_1_258' title='bbox 803 2953 984 3015; x_wconf 87' lang='lat' dir='ltr'><strong>viderentur.</strong></span> <span class='ocrx_word' id='word_1_259' title='bbox 1019 2952 1142 3016; x_wconf 86' lang='lat' dir='ltr'><strong>Coacto</strong></span> 
     </span>
     <span class='ocr_line' id='line_1_33' title="bbox 141 3039 1141 3118; baseline -0.002 -16"><span class='ocrx_word' id='word_1_260' title='bbox 141 3039 214 3102; x_wconf 80' lang='lat' dir='ltr'><strong>verb</strong></span> <span class='ocrx_word' id='word_1_261' title='bbox 230 3041 258 3102; x_wconf 93' lang='lat' dir='ltr'><strong>in</strong></span> <span class='ocrx_word' id='word_1_262' title='bbox 275 3039 387 3102; x_wconf 88' lang='lat' dir='ltr'><strong>curiam</strong></span> <span class='ocrx_word' id='word_1_263' title='bbox 405 3039 531 3118; x_wconf 84' lang='lat' dir='ltr'><strong>Senatu,</strong></span> <span class='ocrx_word' id='word_1_264' title='bbox 547 3041 656 3103; x_wconf 89' lang='lat' dir='ltr'><strong>arduus</strong></span> <span class='ocrx_word' id='word_1_265' title='bbox 680 3061 778 3102; x_wconf 89' lang='lat' dir='ltr'><strong>rerum</strong></span> <span class='ocrx_word' id='word_1_266' title='bbox 801 3039 935 3102; x_wconf 88' lang='lat' dir='ltr'><strong>omnium</strong></span> <span class='ocrx_word' id='word_1_267' title='bbox 959 3039 1078 3115; x_wconf 91' lang='lat' dir='ltr'><strong>modus,</strong></span> <span class='ocrx_word' id='word_1_268' title='bbox 1100 3059 1141 3101; x_wconf 89' lang='lat' dir='ltr'><strong>ne</strong></span> 
     </span>
     <span class='ocr_line' id='line_1_34' title="bbox 140 3124 1142 3209; baseline 0 -20"><span class='ocrx_word' id='word_1_269' title='bbox 140 3141 306 3189; x_wconf 85' lang='lat' dir='ltr'><strong>contumax</strong></span> <span class='ocrx_word' id='word_1_270' title='bbox 335 3125 498 3204; x_wconf 90' lang='lat' dir='ltr'><strong>silentium,</strong></span> <span class='ocrx_word' id='word_1_271' title='bbox 524 3148 563 3189; x_wconf 91' lang='lat' dir='ltr'><strong>ne</strong></span> <span class='ocrx_word' id='word_1_272' title='bbox 593 3141 733 3209; x_wconf 89' lang='lat' dir='ltr'><strong>suspecta</strong></span> <span class='ocrx_word' id='word_1_273' title='bbox 763 3125 893 3188; x_wconf 90' lang='lat' dir='ltr'><strong>libertas.</strong></span> <span class='ocrx_word' id='word_1_274' title='bbox 953 3124 995 3187; x_wconf 86' lang='lat' dir='ltr'><strong>Et</strong></span> <span class='ocrx_word' id='word_1_275' title='bbox 1023 3125 1142 3208; x_wconf 83' lang='lat' dir='ltr'><strong>privato</strong></span> 
     </span>
    </p>
   </div>
   <div class='ocr_carea' id='block_1_9' title="bbox 141 3209 1242 3296">
    <p class='ocr_par' dir='ltr' id='par_1_10' title="bbox 141 3209 1242 3296">
     <span class='ocr_line' id='line_1_35' title="bbox 141 3209 1242 3296; baseline -0.002 -22"><span class='ocrx_word' id='word_1_276' title='bbox 141 3211 259 3274; x_wconf 89' lang='lat' dir='ltr'><strong>Othoni</strong></span> <span class='ocrx_word' id='word_1_277' title='bbox 274 3233 381 3293; x_wconf 88' lang='lat' dir='ltr'><strong>nuper,</strong></span> <span class='ocrx_word' id='word_1_278' title='bbox 398 3227 488 3296; x_wconf 88' lang='lat' dir='ltr'><strong>atque</strong></span> <span class='ocrx_word' id='word_1_279' title='bbox 511 3213 618 3274; x_wconf 83' lang='lat' dir='ltr'><strong>eadent</strong></span> <span class='ocrx_word' id='word_1_280' title='bbox 635 3212 757 3287; x_wconf 90' lang='lat' dir='ltr'><strong>dicenti,</strong></span> <span class='ocrx_word' id='word_1_281' title='bbox 773 3226 842 3273; x_wconf 91' lang='lat' dir='ltr'><strong>nota</strong></span> <span class='ocrx_word' id='word_1_282' title='bbox 859 3210 999 3273; x_wconf 90' lang='lat' dir='ltr'><strong>adulatio.</strong></span> <span class='ocrx_word' id='word_1_283' title='bbox 1046 3209 1143 3291; x_wconf 87' lang='lat' dir='ltr'><strong>Igitur</strong></span> <span class='ocrx_word' id='word_1_284' title='bbox 1241 3233 1242 3244; x_wconf 56' lang='lat'>¹</span> 
     </span>
    </p>
   </div>
   <div class='ocr_carea' id='block_1_10' title="bbox 143 3297 1144 3727">
    <p class='ocr_par' dir='ltr' id='par_1_11' title="bbox 143 3297 1144 3727">
     <span class='ocr_line' id='line_1_36' title="bbox 143 3297 1142 3382; baseline -0.002 -21"><span class='ocrx_word' id='word_1_285' title='bbox 143 3319 264 3361; x_wconf 87' lang='lat' dir='ltr'><strong>versare</strong></span> <span class='ocrx_word' id='word_1_286' title='bbox 280 3297 454 3373; x_wconf 88' lang='lat' dir='ltr'><strong>sententias,</strong></span> <span class='ocrx_word' id='word_1_287' title='bbox 470 3313 501 3360; x_wconf 90' lang='lat' dir='ltr'><strong>et</strong></span> <span class='ocrx_word' id='word_1_288' title='bbox 518 3299 576 3361; x_wconf 92' lang='lat' dir='ltr'><strong>huc</strong></span> <span class='ocrx_word' id='word_1_289' title='bbox 597 3313 687 3382; x_wconf 89' lang='lat' dir='ltr'><strong>atque</strong></span> <span class='ocrx_word' id='word_1_290' title='bbox 703 3298 773 3360; x_wconf 92' lang='lat' dir='ltr'><strong>illuc</strong></span> <span class='ocrx_word' id='word_1_291' title='bbox 789 3311 940 3380; x_wconf 89' lang='lat' dir='ltr'><strong>torquere,</strong></span> <span class='ocrx_word' id='word_1_292' title='bbox 956 3297 1093 3358; x_wconf 86' lang='lat' dir='ltr'><strong>‘hostem</strong></span> <span class='ocrx_word' id='word_1_293' title='bbox 1109 3309 1142 3359; x_wconf 87' lang='lat' dir='ltr'><strong>et</strong></span> 
     </span>
     <span class='ocr_line' id='line_1_37' title="bbox 143 3381 1143 3468; baseline -0.002 -22"><span class='ocrx_word' id='word_1_294' title='bbox 143 3382 332 3468; x_wconf 85' lang='lat' dir='ltr'><strong>parricidam’</strong></span> <span class='ocrx_word' id='word_1_295' title='bbox 348 3381 506 3446; x_wconf 90' lang='lat' dir='ltr'><strong>Vitellium</strong></span> <span class='ocrx_word' id='word_1_296' title='bbox 530 3401 690 3448; x_wconf 80' lang='lat' dir='ltr'><strong>vocantes:</strong></span> <span class='ocrx_word' id='word_1_297' title='bbox 716 3383 992 3466; x_wconf 89' lang='lat' dir='ltr'><strong>providentissimus</strong></span> <span class='ocrx_word' id='word_1_298' title='bbox 1015 3381 1143 3466; x_wconf 88' lang='lat' dir='ltr'><strong>quisque</strong></span> 
     </span>
     <span class='ocr_line' id='line_1_38' title="bbox 144 3467 1144 3554; baseline -0.004 -21"><span class='ocrx_word' id='word_1_299' title='bbox 144 3469 317 3550; x_wconf 85' lang='lat' dir='ltr'><strong>vulgaribus</strong></span> <span class='ocrx_word' id='word_1_300' title='bbox 339 3469 502 3548; x_wconf 90' lang='lat' dir='ltr'><strong>conviciis;</strong></span> <span class='ocrx_word' id='word_1_301' title='bbox 525 3471 646 3554; x_wconf 88' lang='lat' dir='ltr'><strong>quidam</strong></span> <span class='ocrx_word' id='word_1_302' title='bbox 671 3490 741 3532; x_wconf 83' lang='lat' dir='ltr'><strong>vera</strong></span> <span class='ocrx_word' id='word_1_303' title='bbox 764 3469 872 3552; x_wconf 88' lang='lat' dir='ltr'><strong>probra</strong></span> <span class='ocrx_word' id='word_1_304' title='bbox 890 3467 1005 3553; x_wconf 88' lang='lat' dir='ltr'><strong>jacere,</strong></span> <span class='ocrx_word' id='word_1_305' title='bbox 1028 3469 1057 3529; x_wconf 91' lang='lat' dir='ltr'><strong>in</strong></span> <span class='ocrx_word' id='word_1_306' title='bbox 1080 3467 1144 3530; x_wconf 91' lang='lat' dir='ltr'><strong>cla·</strong></span> 
     </span>
     <span class='ocr_line' id='line_1_39' title="bbox 143 3553 1141 3640; baseline -0.003 -21"><span class='ocrx_word' id='word_1_307' title='bbox 143 3577 228 3619; x_wconf 88' lang='lat' dir='ltr'><strong>more</strong></span> <span class='ocrx_word' id='word_1_308' title='bbox 245 3571 357 3631; x_wconf 89' lang='lat' dir='ltr'><strong>tamen,</strong></span> <span class='ocrx_word' id='word_1_309' title='bbox 373 3569 404 3618; x_wconf 87' lang='lat' dir='ltr'><strong>et</strong></span> <span class='ocrx_word' id='word_1_310' title='bbox 421 3555 470 3618; x_wconf 90' lang='lat' dir='ltr'><strong>ubi</strong></span> <span class='ocrx_word' id='word_1_311' title='bbox 494 3557 629 3640; x_wconf 81' lang='lat' dir='ltr'><strong>plurime</strong></span> <span class='ocrx_word' id='word_1_312' title='bbox 645 3576 747 3632; x_wconf 88' lang='lat' dir='ltr'><strong>voces,</strong></span> <span class='ocrx_word' id='word_1_313' title='bbox 762 3568 814 3618; x_wconf 90' lang='lat' dir='ltr'><strong>aut</strong></span> <span class='ocrx_word' id='word_1_314' title='bbox 835 3555 965 3619; x_wconf 91' lang='lat' dir='ltr'><strong>tumultu</strong></span> <span class='ocrx_word' id='word_1_315' title='bbox 982 3553 1141 3616; x_wconf 86' lang='lat' dir='ltr'><strong>verborum</strong></span> 
     </span>
     <span class='ocr_line' id='line_1_40' title="bbox 145 3641 509 3727; baseline 0.005 -23"><span class='ocrx_word' id='word_1_316' title='bbox 145 3642 200 3705; x_wconf 91' lang='lat' dir='ltr'><strong>sibi</strong></span> <span class='ocrx_word' id='word_1_317' title='bbox 216 3641 273 3727; x_wconf 89' lang='lat' dir='ltr'><strong>ipsi</strong></span> <span class='ocrx_word' id='word_1_318' title='bbox 288 3641 509 3726; x_wconf 87' lang='lat' dir='ltr'><strong>obstrepentes.</strong></span> 
     </span>
    </p>
   </div>
   <div class='ocr_carea' id='block_1_11' title="bbox 0 0 1276 4250">
    <p class='ocr_par' dir='ltr' id='par_1_12' title="bbox 0 0 1276 4250">
     <span class='ocr_line' id='line_1_41' title="bbox 0 0 1276 4250; baseline 0 0"><span class='ocrx_word' id='word_1_319' title='bbox 0 0 1276 4250; x_wconf 95' lang='lat' dir='ltr'><strong> </strong></span> 
     </span>
    </p>
   </div>
  </div>
 </body>
</html>
