2516 4250
168 229 213 296 84
504 226 546 294 C.
569 226 678 294 Coss.
701 225 826 296 Taeter
963 229 1019 313 [A.
1034 226 1078 293 U.
1095 229 1172 294 822.

211 393 404 460 LXXXIX.
427 391 498 478 lpse
509 391 661 471 Vitellius,
676 415 694 458 a
710 409 801 477 ponte
817 392 936 472 Miluo,
952 394 1058 476 insigni
1076 417 1168 480 equo,

168 482 329 567 paludatus
338 481 563 566 accinctusque,
575 480 721 544 Senatum
734 498 764 545 et
773 479 924 564 Populum
937 497 1006 544 ante
1018 503 1052 544 se
1064 503 1169 564 ageos,

168 567 230 654 qud
245 568 353 646 minias,
369 584 402 632 ut
417 584 549 652 captam,
566 567 670 632 urbem
686 568 903 650 ingrederetur,
915 567 1079 632 amicorum
1095 589 1169 634 oon·

167 655 235 720 silio
250 655 420 731 deterritus,
435 653 535 718 sumit
552 653 697 737 present
718 669 750 718 et
773 656 941 739 composito
968 655 1100 735 agmine,
1121 656 1167 720 io-

167 743 268 805 oessit.
314 739 453 815 Quatuor
468 741 620 822 legionum
635 741 741 826 aquile
759 761 813 824 per
828 739 966 818 frontem,
979 743 1167 827 totidemque

168 827 278 893 circis
293 828 460 910 legionibus
475 828 539 892 aliis
553 827 676 904 vexilla,
688 849 761 892 mox
776 827 937 892 duodecim
948 829 1166 912 alarumsigna,

167 929 282 999 etpost
304 913 440 998 pediturn
462 915 592 991 ordines,
615 933 727 999 eques:
752 914 821 978 dein
844 931 973 998 quatuor
994 930 1025 978 et
1048 915 1167 998 triginta

166 1003 318 1078 cohortes,
334 1015 367 1064 ut
382 1000 503 1064 nomina
525 1001 671 1082 gentium,
686 1017 737 1066 aut
756 1002 873 1084 species
888 1023 1038 1066 armorum
1056 1000 1164 1082 forent,

167 1088 315 1154 discrete.
348 1088 431 1150 Ante
448 1087 578 1172 aquilum
594 1085 733 1152 Preseoti
748 1103 913 1152 castrorum
929 1087 1120 1175 Tribunique
1135 1105 1167 1154 et

166 1176 254 1260 primi
279 1175 509 1252 Centurionum,
534 1173 666 1238 candidi
692 1189 797 1238 veste:
829 1177 937 1238 certari
959 1175 1050 1261 juxta
1079 1199 1164 1242 suam

166 1262 292 1346 quisque
307 1261 484 1338 centuriam,
499 1261 589 1324 aroris
604 1261 750 1346 donisque
766 1259 925 1346 fulgentes.
971 1262 1014 1326 Et
1037 1263 1164 1328 militurn

189 1349 299 1412 helene
317 1363 513 1434 'torquesque
541 1347 759 1431 splendebant:
784 1349 895 1412 decora
922 1348 1023 1426 iacies,
1050 1365 1082 1414 et
1105 1373 1164 1414 non
1243 1413 1244 1422 ,

166 1371 290 1499 liutto
315 1435 457 1519 Principe
483 1435 591 1516 dignus
617 1435 780 1500 exercitus.
826 1435 878 1498 Sic
903 1434 1089 1520 Capitolium
1119 1437 1165 1502 iu·
1243 1493 1244 1510 ,

166 1543 296 1604 gressus,
322 1537 412 1606 atque
438 1522 477 1585 ibi
501 1535 629 1586 matrem
650 1523 840 1607 complexus,
862 1522 1013 1607 Auguste
1043 1524 1164 1588 nomine

166 1609 335 1674 honoravit.

202 1695 284 1760 XC.
307 1695 436 1760 Posteri
457 1694 519 1771 die,
533 1711 675 1780 tanquam
691 1697 772 1780 apud
789 1696 909 1782 qlterius
924 1696 1052 1760 civitatis
1068 1696 1164 1762 Sena·

164 1797 229 1848 tum
260 1783 486 1867 Populumque,
517 1782 713 1863 magnificam
734 1783 899 1848 orationem
931 1783 969 1845 de
1000 1785 1164 1870 semetipso

165 1872 301 1954 promsit,
325 1869 497 1932 industriam
514 1870 805 1954 temperantiamque
820 1891 904 1932 suam
921 1869 1059 1932 laudibus
1077 1871 1165 1936 attol-

163 1955 249 2020 lens:
287 1957 415 2020 consciis
444 1953 624 2035 flagitiorum
655 1957 736 2039 ipsis,
774 1957 826 2040 qui
855 1956 989 2032 aderant,
1019 1958 1163 2042 omnique

164 2041 263 2117 Italiit,
277 2063 331 2125 per
346 2062 436 2125 quam
449 2061 555 2104 somno
564 2056 595 2105 et
610 2042 686 2106 luxu
698 2043 856 2126 pudendus
868 2044 1041 2106 incesserat.
1087 2042 1164 2108 Vul-

164 2151 220 2212 gus
236 2145 349 2203 tamen,
368 2149 496 2192 vacuum
517 2129 608 2206 curis,
631 2144 663 2191 et
684 2130 749 2192 sine
772 2129 836 2193 salsi
854 2131 977 2214 verique
993 2129 1165 2194 discrimine

163 2215 264 2280 solitus
280 2215 466 2278 adulationes
481 2213 635 2291 edoctum,
649 2215 782 2280 clamore
792 2230 823 2280 et
840 2217 963 2280 vocibus
972 2217 1162 2300 astrepebat:

163 2302 367 2385 abnuentique
395 2321 505 2364 nornen
532 2298 685 2386 Augrtsti,
709 2301 897 2388 expressere,
922 2319 955 2366 ut
975 2321 1164 2383 assumeret;

163 2403 225 2454 tam
242 2387 358 2463 Austri,
375 2387 465 2471 qurim
481 2402 682 2452 recusaverat.

206 2473 294 2540 XCI.
318 2473 413 2557 Apud
435 2473 600 2551 civitatem,
626 2488 737 2538 cuncta
767 2475 1026 2560 interpretantem,
1051 2474 1164 2542 funesti

161 2562 269 2626 ominis
295 2562 364 2626 loco
388 2574 548 2643 acceptum
571 2574 628 2637 est,
647 2560 729 2646 qudd
753 2564 919 2626 maximum
947 2563 1163 2628 Pontificatum

161 2649 302 2732 adeptus,
331 2646 473 2710 Vitellius
503 2648 542 2711 de
571 2648 748 2712 cerimoniis
779 2649 905 2732 publicis
935 2651 1164 2734 quintodecimo

162 2733 319 2801 Kalendas
335 2734 464 2817 Augusti
479 2733 634 2812 edixisset,
650 2734 813 2819 antiquitus
828 2735 955 2800 infausto
970 2739 1019 2800 die
1032 2736 1164 2802 Creme·

160 2823 240 2886 rensi
258 2821 444 2906 Alliensique
459 2819 614 2886 cladibus:
642 2819 720 2884 adesi
742 2822 839 2884 omnis
860 2823 986 2886 humani
1006 2823 1163 2909 divinique

156 2908 233 2993 juris
247 2931 369 2993 expers,
387 2907 449 2992 pari
471 2907 646 2972 libertorum
668 2908 893 2993 amicorumque
916 2909 1064 2987 socordiai,
1080 2913 1165 2975 velut

159 2995 237 3059 inter
252 2997 434 3060 temulentos
450 2995 569 3076 agebat.
615 2993 677 3056 Sed
693 2995 814 3058 comitia
825 2995 992 3058 Consulum
1003 3019 1073 3060 oum
1090 3019 1163 3062 oen·

160 3083 268 3146 didatis
284 3084 411 3146 civiliter
424 3081 593 3157 celebrans,
615 3101 738 3144 omnem
761 3081 868 3145 inlimae
886 3083 981 3165 plebis
998 3105 1163 3163 rumorem,

159 3169 189 3232 io
205 3171 322 3234 theatro
339 3184 370 3232 ut
386 3181 550 3252 spectator,
566 3168 595 3230 in
611 3168 693 3232 circo
708 3181 740 3230 ut
757 3165 863 3244 fautor,
879 3169 1054 3234 affectavit:
1077 3193 1161 3256 quae,
1243 3191 1244 3196 ¹

159 3271 244 3337 grata
270 3256 343 3320 sane
369 3271 400 3318 et
427 3254 592 3338 popularia,
616 3255 640 3316 si
664 3275 681 3317 a
704 3255 860 3316 virtutibus
889 3257 1162 3338 proficiscerentur,

159 3341 306 3406 memoriis
339 3343 406 3405 vitae
438 3340 553 3423 prioris,
590 3341 731 3404 indecora
761 3355 791 3403 et
822 3341 890 3404 vilia
920 3344 1161 3425 accipiebantur.

157 3427 333 3492 ventitabat
348 3430 377 3490 in
394 3443 550 3502 senatum;
573 3427 663 3489 etiarn
686 3425 756 3489 crim
779 3428 876 3510 parvis
892 3429 930 3490 de
946 3431 1035 3492 rebus
1052 3429 1163 3495 Patres

157 3517 396 3580 consulerentur.
416 3567 418 3574 .
443 3515 490 3577 Ao
506 3511 580 3576 sorte
598 3512 721 3576 Priscus
738 3511 911 3589 Helvidius,
929 3514 1045 3578 Praetor
1060 3517 1162 3602 desig-

158 3617 257 3678 natus,
273 3618 378 3666 contra
400 3601 532 3664 studium
556 3599 621 3685 ejus
642 3614 812 3664 censuerat.
858 3599 1040 3664 Commotus
1063 3604 1163 3688 primd

157 3687 308 3765 Vitellius,
325 3703 498 3752 nontamen
516 3687 602 3764 uluis,
619 3707 709 3770 quarn
726 3687 880 3750 ‘tribunos
898 3689 993 3770 plebis
1010 3691 1038 3751 in
1052 3692 1163 3756 auxili-

158 3798 209 3840 um
225 3791 332 3860 spretae
349 3774 515 3861 potestatis'
540 3773 708 3838 advocavit.
754 3772 842 3852 Mox,
868 3775 1069 3857 mitigantibus
1085 3779 1166 3842 umi-
