2484 4316
134 185 175 250 Α.
192 183 233 250 C.
250 186 318 268 69.]
410 183 553 250 Hrsrora.
577 185 652 250 Lm.
677 185 850 261 Quantus.
1073 191 1135 254 135

134 351 190 414 niis
202 349 374 435 impunitas.
413 349 530 433 Capuae
542 351 621 434 legio
631 351 716 416 tertia
728 351 892 433 hyemandi
904 350 997 414 causa
1008 352 1135 430 locatur,

135 452 168 500 et
182 437 291 500 domus
306 437 436 500 illustres
446 437 561 500 afflictae
574 461 584 516 ;
607 437 676 500 cbm
689 437 794 502 contra
804 437 1039 502 Tarracinenses
1055 439 1138 502 nulla

133 545 194 607 ope
205 523 395 609 juvarentur.
441 521 542 588 Tanto
561 525 719 608 proclivius
734 539 780 588 est
795 524 918 610 injuriae,
935 525 1025 610 quam
1042 525 1135 588 baue-

133 611 213 687 ficio,
230 611 327 674 vicem
355 611 535 674 exsolvere:
560 611 629 694 quia
652 612 745 694 gratia
764 613 859 688 oneri,
878 612 952 676 ultio
968 613 997 675 in
1021 627 1135 696 quaestu

133 697 272 760 habetur.
320 697 436 762 Solatio
462 698 516 762 luit
540 719 650 772 servus
679 696 815 780 Verginii
845 697 1014 782 Capitonis,
1043 720 1135 782 quem

133 785 315 868 proditorem
347 783 611 848 Tarracinensium
637 784 779 860 diximus,
804 785 937 868 patibulo
962 785 1080 862 affixus,
1104 785 1135 848 in

132 871 239 936 iisdem
270 871 396 948 annulis,
423 893 499 955 quos
528 885 672 954 acceptos
702 891 718 934 a
751 869 875 934 Vitellio
898 873 1043 955 gestabat.
1090 871 1135 936 At

133 955 242 1020 Romae
267 957 396 1022 Senatus
421 973 529 1021 cuncta
556 957 746 1042 Principibus
771 959 855 1022 solita
870 956 1058 1043 Vespasiano
1081 957 1135 1022 de·

132 1047 241 1120 cernit,
264 1044 347 1108 laetus
373 1057 405 1106 et
430 1044 495 1126 spei
521 1059 641 1108 certus:
667 1045 778 1128 quippe
808 1059 906 1108 sumta
934 1067 989 1129 per
1019 1044 1133 1108 Gallias

133 1128 357 1214 Hispaniasque
373 1131 471 1193 civilia
487 1152 580 1207 arma,
596 1131 683 1194 motis
694 1133 731 1194 ad
749 1131 859 1194 bellum
877 1131 1047 1208 Germania,
1061 1151 1134 1196 mox

133 1215 266 1300 lllyrico,
297 1232 455 1301 postquam
485 1217 667 1300 AEgyptum,
696 1216 845 1295 Judaeam,
880 1218 1072 1303 Syriamque,
1103 1231 1134 1284 et

132 1324 239 1368 omnes
255 1305 423 1387 provrocias
445 1321 660 1387 exercitusque,
680 1305 886 1382 lustraverant,
904 1306 986 1370 velut
1009 1306 1134 1388 expiato
1239 1313 1240 1316 ’

132 1403 278 1453 terrarum
294 1391 378 1467 orbe,
394 1391 512 1473 cepisse
533 1390 622 1452 finem
646 1390 834 1454 videbantur.
881 1390 1037 1456 Addidbre
1053 1392 1131 1456 alac·

131 1477 250 1540 ritatem
265 1475 444 1560 Vespasiani
461 1477 561 1553 literae,
584 1492 725 1560 tanquam
742 1491 883 1540 manente
898 1478 980 1541 bello
995 1478 1130 1561 scriptae:

132 1583 181 1641 ea,
197 1562 292 1648 prirnb
307 1563 420 1648 specie,
437 1561 553 1626 lorma:
575 1563 712 1626 ceterum
731 1578 764 1626 ut
779 1563 927 1649 Princeps
942 1565 1131 1649 loquebatur,

132 1651 231 1714 civilia
246 1650 285 1713 de
300 1671 333 1714 se
349 1664 380 1714 et
396 1649 584 1734 Reipublicae
600 1650 741 1733 egregia:
766 1671 822 1712 nec
839 1649 970 1714 Senatris
992 1650 1134 1734 obsequi·

132 1759 185 1801 um
200 1737 314 1800 deerat.
360 1736 422 1821 Ipsi
439 1743 446 1774 ‘
461 1735 645 1800 Consulatus
659 1759 729 1800 cum
745 1735 819 1800 Tito
834 1737 905 1815 filio,
920 1736 1055 1801 Praetura
1067 1735 1133 1800 Do·

130 1823 255 1890 mitiano
270 1837 301 1888 et
315 1823 480 1888 Consulare
496 1823 666 1908 imperium'
677 1825 889 1887 decernuntur.

175 1909 232 1975 IV.
257 1909 384 1974 Miserat
408 1926 439 1976 et
464 1909 625 1975 Mucianus
648 1910 788 1994 epistolas
812 1911 850 1973 ad
882 1909 1039 1988 Senatum,
1063 1931 1130 1996 quc

129 1999 285 2063 materiam
315 1999 503 2062 sermonibus
534 1997 706 2081 prebuere:
731 1998 777 2061 ‘si
807 1998 941 2083 privatus
963 2012 1054 2074 esset,
1076 2019 1132 2062 cur

132 2085 254 2170 publice
270 2085 462 2170 loqueretur?
484 2085 617 2169 potuisse
633 2085 752 2160 eadem,
769 2106 882 2168 paucos
898 2099 964 2170 post
976 2086 1052 2162 dies,
1064 2084 1133 2148 loco

131 2172 287 2238 sententiae
303 2171 361 2235 dici
375 2171 393 2234 :'
417 2173 483 2254 ipsa
498 2193 618 2257 quoque
634 2173 790 2235 insectatio
805 2173 834 2236 in
850 2171 1006 2236 Vitellium
1024 2193 1090 2234 sera
1102 2185 1134 2236 et

130 2260 196 2322 eine
211 2259 357 2322 libertate.
402 2256 438 2320 ld
456 2257 526 2321 verb
542 2279 613 2342 erga
623 2257 857 2343 Rempuhlicam
873 2259 1046 2343 superbum,
1060 2278 1133 2340 erga

131 2345 306 2430 Principem
329 2346 593 2422 contumeliosum,
618 2345 698 2430 qubd
715 2347 762 2408 ‘in
779 2367 868 2409 manu
891 2344 1052 2409 subfuisse
1069 2343 1132 2406 Im·

131 2433 249 2518 perium
273 2433 478 2518 donatumque
495 2430 705 2516 Vespasiano,’
726 2432 871 2518 jactabat.
916 2431 1065 2496 Ceteritm
1088 2431 1134 2494 io·

131 2520 212 2584 vidia
236 2519 266 2584 in
297 2518 436 2598 occulto;
459 2519 591 2582 adulatio
617 2521 645 2584 in
672 2536 775 2604 aperto
805 2533 909 2583 erant:
933 2519 1027 2582 multo
1056 2539 1128 2580 cunr

131 2606 246 2670 bonore
270 2606 430 2670 verborum
457 2605 620 2670 ‘Muciano
642 2607 844 2690 triumphalia'
875 2607 914 2669 de
944 2605 1024 2669 bello
1054 2603 1134 2668 civili

131 2693 223 2756 data:
246 2693 300 2757 sed
312 2699 320 2730 ‘
334 2693 363 2756 in
383 2694 537 2758 Sarmatas
560 2693 724 2777 expeditio'
742 2694 921 2774 fingebatur.
967 2691 1132 2754 Adduntur

132 2785 140 2817 ‘
153 2778 258 2842 Primo
271 2779 404 2843 Antonio
416 2779 607 2854 Consularia,
619 2779 760 2842 Cornelio
769 2779 882 2854 Fusco,
895 2793 925 2842 et
937 2778 1026 2840 Arrio
1037 2775 1132 2854 Varo,

132 2864 276 2930 Praetoria
301 2865 449 2948 insignia)
495 2865 574 2928 Mox
590 2865 676 2927 Deos
694 2863 881 2946 respexere:
906 2862 1051 2926 ‘restitui’
1070 2863 1133 2945 pla·

130 2953 193 3016 cuit
209 2952 424 3034 ‘capitolium'
471 2951 580 3036 anue
596 2950 696 3012 omnia
716 2946 855 3010 Valerius
871 2948 1031 3023 Asiaticus,
1047 2947 1133 3010 Con·

131 3038 177 3102 sul
194 3037 377 3119 designatus,
390 3039 528 3101 censuit:
553 3037 646 3099 ceteri
657 3035 741 3098 vultu
757 3056 926 3118 manuque:
951 3035 1051 3118 pauci,
1068 3034 1134 3117 qui-

131 3124 188 3188 bus
203 3125 366 3206 conspicua
381 3124 520 3207 dignitas,
536 3138 587 3186 aut
601 3123 754 3204 ingenium
771 3121 940 3184 adulatione
952 3120 1133 3198 exercitum,

131 3211 307 3294 compositis
321 3211 502 3275 orationibus
518 3210 767 3273 assentiebantur.
814 3206 878 3270 Ubi
892 3207 930 3270 ad
954 3205 1132 3270 Helvidium

132 3297 283 3374 Priscum,
300 3296 465 3360 Praetorem
488 3297 688 3378 designatum,
705 3309 841 3372 ventum,
864 3295 988 3379 promsit
1011 3307 1133 3358 senten·

131 3385 215 3461 tiam,
228 3399 259 3448 ut
274 3383 468 3448 honorificam
484 3383 513 3446 in
530 3383 642 3446 bonum
658 3381 844 3466 Principem,
854 3383 895 3445 ita
910 3379 984 3445 salsa
1000 3382 1133 3458 aberant,

131 3487 163 3536 et
177 3471 283 3534 studiis
299 3469 427 3534 Senstfis
449 3471 652 3534 attollebatur.
698 3468 788 3553 lsqne
807 3470 975 3554 praecipuus
999 3469 1042 3532 illi
1057 3468 1133 3544 dies,

132 3577 248 3638 magne
263 3558 385 3622 offensae
401 3557 516 3620 initium
529 3571 560 3620 et
573 3578 687 3638 magna
703 3556 802 3639 gloriae
815 3555 879 3619 luit.

178 3641 220 3708 V.
244 3642 312 3708 Res
327 3665 454 3728 poscere
471 3643 602 3721 videtur,
618 3643 687 3728 quia
709 3643 818 3706 iterum
842 3643 871 3705 in
889 3642 1075 3706 mentionem
1090 3639 1136 3702 in·

131 3729 261 3796 cidimus
273 3731 342 3814 ¹viri,
357 3731 466 3816 sepius
491 3730 691 3810 memorandi,
714 3743 747 3794 ut
763 3730 854 3794 vitam
873 3729 1031 3813 studiaque
1058 3725 1135 3812 ejus,
