2516 4250
134 177 174 244 Α.
189 177 231 246 C.
247 179 317 260 69.]
407 177 550 245 H1sron.
574 179 650 244 Lm.
674 179 866 247 Sncunnus.
1094 183 1137 270 85

135 345 189 421 cis,
211 345 260 428 qui
285 345 420 408 altiorem
448 345 629 408 iracundiam
656 344 723 430 ejus
747 345 936 424 verebantur,
961 345 1052 410 ‘nihil
1068 348 1138 410 novi

135 430 291 494 accidisse'
317 431 484 515 respoudit,
511 430 615 516 ‘qubd
640 433 701 494 duo
729 448 884 496 senatores
907 433 936 496 in
965 431 1138 517 Republicit
1243 485 1244 490 ,

136 519 346 582 dissentirent:
370 519 489 581 solitum
505 540 538 581 se
554 519 642 582 etiam
659 517 803 580 Thraseae
819 519 1048 582 contradicere!
1094 518 1139 582 lr-

135 603 228 669 risbre
253 604 388 688 plerique
415 605 634 688 impudentiam
659 605 874 668 emulationis:
898 606 962 668 aliis
984 606 1014 668 id
1038 607 1137 687 ipsum

135 691 285 776 placebat,
302 689 384 774 qubd
400 693 552 754 nominem
564 707 608 754 'ex
627 691 870 774 praepotentibus,
886 693 940 756 sed
956 691 1137 772 Thraseam,

48 795 53 803 ’
136 779 174 841 ad
191 779 350 861 exemplar
367 798 443 840 verae
459 777 558 860 glorie
575 777 707 858 legisset.

179 862 287 928 XCll.
311 863 523 948 Praeposuerat
539 863 726 926 Praetorianis
741 863 781 926 P.
806 863 962 945 Sabinum,
976 887 993 928 a
1006 864 1139 932 Praelec·

135 949 205 1014 turb
219 951 371 1013 cohortis:
395 949 510 1014 Julium
534 948 684 1027 Priscum,
703 966 765 1014 turn
789 949 1030 1016 Centurionem:
1055 952 1139 1017 Pris-

134 1060 189 1102 cus
217 1035 367 1114 Valentis,
398 1037 527 1101 Sabinus
557 1035 687 1100 Caecinae
717 1036 814 1120 gratiis
848 1038 1011 1122 pollebant.
1056 1039 1139 1103 luter

134 1124 288 1188 discordes
302 1121 426 1187 Vitellio
442 1125 513 1186 nihil
530 1123 737 1203 auctoritatis3
761 1125 861 1188 munia
874 1123 998 1208 lmperii
1015 1123 1140 1190 Caeciua

134 1234 171 1275 ac
189 1209 304 1274 Valens
326 1210 469 1288 obibant3
492 1211 563 1274 olirn
587 1211 666 1274 anxii
689 1211 774 1288 odiis,
791 1233 868 1296 que,
885 1211 965 1275 bello
987 1227 1019 1276 et
1034 1214 1140 1276 castris

135 1297 215 1362 mal'e
231 1297 426 1374 dissimulata,
444 1298 573 1381 pravitas
584 1299 761 1374 amicorum,
778 1313 809 1362 ct
824 1297 966 1362 foecunda
982 1299 1139 1382 gignendis

134 1385 293 1449 inimicitiis
317 1384 423 1448 civitas
443 1397 579 1460 auxerat,
602 1385 674 1447 dum
701 1385 826 1462 ambitu,
849 1386 1005 1464 comitatu,
1027 1401 1059 1450 et
1082 1387 1140 1450 im-

134 1471 247 1535 mensis
262 1471 454 1534 salutantium
467 1471 634 1554 agminibus
645 1471 832 1534 contendunt
843 1486 1118 1556 comparanturque
1129 1495 1138 1550 ;

138 1559 225 1622 variis
240 1559 270 1621 in
287 1558 368 1621 hunc
384 1572 435 1620 aut
457 1558 541 1620 illum
559 1555 674 1621 Vitellii
698 1558 947 1622 inclinationibus.
993 1559 1064 1622 Nec
1085 1581 1139 1622 un-

136 1666 227 1730 quam
258 1642 328 1708 satis
357 1644 417 1706 fida
448 1645 592 1728 potentia,
620 1645 670 1706 ubi
697 1644 788 1708 nimia
812 1658 869 1708 est.
916 1645 1013 1708 Simul
1039 1646 1138 1730 ipsum

135 1731 304 1808 Vitellium,
329 1731 433 1795 subitis
455 1731 578 1794 offensis
601 1745 652 1792 aut
668 1731 887 1814 intempestivis
907 1731 1057 1794 blanditiis
1073 1753 1139 1795 nru-

136 1819 270 1895 tabilern,
296 1819 531 1882 contemnebant
560 1817 807 1902 metuebantque.
854 1815 922 1881 Nec
952 1817 991 1880 eb
1017 1819 1139 1902 segnitie

136 1907 308 1968 invaserant
323 1905 440 1980 domos,
452 1905 564 1981 hortos,
580 1925 715 1989 opesque
731 1903 874 1988 imperii:
898 1904 967 1968 clim
984 1904 1092 1970 flebilis
1108 1921 1139 1970 et

137 2013 231 2073 egens
247 1992 389 2054 nobilium
407 1992 504 2068 turba,
520 2013 595 2075 quos
617 1991 698 2074 ipsos
721 1990 891 2076 liberosque
915 1992 1016 2075 patrie
1039 1992 1139 2058 Galba
1243 2041 1244 2044 ,

137 2078 318 2155 reddiderat,
335 2077 419 2140 nullb
433 2077 584 2161 Principis
608 2077 813 2142 misericordia
824 2077 1014 2164 juvarentur.
1061 2070 1139 2143 Gra-

135 2180 200 2229 tum
227 2165 404 2249 primoribus
426 2165 565 2240 civitatis,
592 2166 681 2228 etiam
707 2165 812 2249 plebes
842 2165 1030 2250 approbavit,
1054 2165 1136 2250 qutid

136 2253 263 2316 reversis
279 2252 317 2314 ab
333 2251 426 2314 exilio
437 2251 505 2336 jura
528 2251 702 2314 libertorum
724 2253 943 2316 concessisset:
966 2273 1138 2337 quanquam

135 2339 173 2402 id.
182 2339 263 2402 omni
280 2339 370 2401 modo
389 2339 507 2402 servilia
523 2338 641 2418 ingenia
661 2338 905 2422 corrumpebant,
921 2334 1028 2402 abditis
1044 2361 1137 2423 pectr-
1243 2399 1244 2402 ,

134 2426 190 2489 niis
204 2447 256 2509 per
267 2425 402 2488 occultos
412 2445 462 2490 aur
473 2425 645 2488 ambitiosos
660 2425 742 2488 sinus
755 2447 763 2502 3
786 2439 818 2488 et
830 2425 950 2509 quidam
964 2426 992 2488 in
1009 2426 1135 2490 domum

136 2511 265 2576 Caesaris
281 2513 466 2595 transgressi,
483 2527 572 2595 atque
588 2511 660 2595 ipsis
675 2511 803 2574 dominis
816 2513 1012 2594 potentiores.

180 2596 303 2662 XClll.
326 2598 391 2661 Sed
415 2599 510 2676 miles,
535 2598 630 2681 plenis
653 2597 768 2676 castris,
791 2611 832 2674 et,
849 2599 1036 2662 redundante
1060 2600 1138 2662 mul-

136 2685 274 2761 titudine,
290 2685 319 2747 in
337 2685 498 2769 porticibus
514 2701 565 2748 aut
588 2683 719 2746 delubris
741 2698 771 2748 et
787 2683 861 2747 urbe
877 2683 942 2748 tota
957 2707 1061 2767 vagus,
1077 2707 1136 2749 non

136 2771 279 2858 principia
295 2775 431 2848 noscere,
445 2794 502 2834 non
513 2791 634 2834 servare
647 2771 772 2853 vigilias,
784 2791 884 2855 neque
894 2770 995 2834 labore
1011 2772 1120 2836 firmari
1130 2796 1140 2840 τ,

138 2881 193 2944 per
216 2859 372 2922 illecebras
399 2858 478 2921 urbis
499 2871 530 2920 et
556 2858 715 2920 inhonesta
740 2857 834 2934 dictu,
860 2879 970 2941 corpus
985 2859 1059 2935 otio,
1074 2858 1145 2922 ani?

137 2968 219 3010 rnurn
235 2944 406 3008 libidinibus
428 2944 656 3007 imminuebant.
701 2942 874 3021 Postremi),
891 2966 930 3006 ne
951 2945 1054 3008 salutis
1071 2947 1136 3030 qui-

137 3033 208 3096 dem
231 3053 314 3108 cura,
333 3030 492 3094 infamibus
508 3027 647 3094 Vaticani
668 3030 742 3092 locis
765 3052 874 3112 magna
899 3051 967 3113 pars
989 3031 1135 3096 tetendit:

135 3120 217 3184 unde
229 3118 341 3183 crebre
357 3119 385 3180 in
403 3117 510 3199 vulgus
526 3130 648 3180 mortes.
695 3115 748 3194 Er,
764 3117 920 3202 adjacente
930 3115 1046 3200 Tiberi,
1060 3116 1138 3182 Ger·

137 3227 294 3270 manorum
319 3204 537 3288 Gallorumque
563 3203 695 3266 obnoxia
719 3205 829 3268 morbis
852 3225 978 3288 corpora
1007 3203 1138 3270 fluminis
1243 3261 1244 3266 ,

136 3293 262 3358 aviditas
278 3306 310 3354 et
325 3289 413 3354 aestiis
436 3290 622 3374 impatientia
645 3289 796 3354 labefecit.
844 3289 970 3374 lnsuper
985 3290 1137 3370 confusus,

136 3380 284 3466 pravitate
302 3379 349 3441 vel
373 3379 497 3454 ambitu,
520 3377 595 3439 ordo
616 3378 738 3440 militie.
784 3376 949 3440 Sexdecim
976 3376 1137 3455 Pretorius,

136 3480 264 3552 quatuor
279 3465 398 3530 urbanae
420 3465 561 3528 cohortes
583 3464 799 3542 scribebantur,
823 3462 889 3548 quis
905 3464 1021 3544 singula
1044 3465 1137 3529 millia

136 3556 280 3619 inessent.
327 3551 401 3614 Plus
424 3552 453 3615 in
477 3573 515 3614 eo
537 3549 659 3612 delectu
684 3549 799 3614 Valens
825 3551 966 3626 audebat,
994 3565 1138 3634 tanquam
1243 3567 1244 3574 ’

137 3643 237 3726 ipsum
261 3638 415 3704 Cecinam
438 3637 572 3724 periculo
598 3637 782 3700 exemisset:
814 3637 886 3701 sane
910 3637 1041 3700 adventu
1073 3637 1137 3723 ejus

137 3743 240 3816 partes
265 3727 493 3804 convaluerant,
518 3741 549 3788 et
575 3725 724 3874 siniSstrum
750 3725 822 3788 lenti
852 3723 964 3788 itineris
987 3745 1138 3788 rumorem
