2484 4316
110 245 173 310 164
449 239 491 308 C.
514 239 624 307 Corn.
647 237 772 306 Tacrrr
899 241 954 326 [A.
970 239 1014 306 U.
1032 243 1110 307 822.

109 409 200 498 quiam
225 421 257 474 ut
276 419 499 472 sacramentum
523 407 673 470 recitaret.
717 403 945 492 tutaverant
973 408 1112 486 aderant,

111 508 186 584 ‘pro
201 494 333 580 Imperio
349 492 537 557 Galliarum?
583 489 810 556 lnterl'ectorem
830 491 957 557 Voculae
981 496 1048 558 altis
1064 517 1114 558 or·

110 584 240 661 dinibus,
255 595 384 658 ceteros,
404 593 438 644 ut
460 581 586 666 quisque
611 579 756 662 flagitium
781 595 954 658 novaverat,
982 583 1114 666 premiis

110 671 229 735 attollit.
274 667 389 730 Divisae
414 666 484 730 inde
505 667 583 729 inter
605 665 755 729 Tutorem
781 680 813 729 et
833 665 1004 730 Classicum
1020 687 1113 731 curaet

109 756 209 820 Tutor
219 752 319 818 validla
334 773 422 816 manu
434 753 634 817 circumdatos
645 753 893 837 Agrippinenses,
904 769 1113 839 quantumque

110 843 237 910 militurn
253 840 333 926 apud
357 840 541 925 superiorem
568 839 671 903 Rheni
699 841 806 924 ripam,
830 841 860 903 in
887 840 996 904 eadem
1019 839 1113 904 verbe'

1230 211 1237 296 l

109 929 211 1012 adigit,
233 927 340 991 occisis
363 925 546 1012 Mogontiaci
561 924 715 1004 Tribunis,
733 926 819 1010 pulso
840 943 1005 990 castrorum
1029 927 1113 991 Prae·
1223 969 1233 994 ›

109 1015 201 1092 lecto,
218 1015 268 1102 qui
283 1013 533 1078 detrectaverant.
565 1011 720 1076 Classicus
731 1013 989 1097 corruptissimum
1005 1035 1114 1098 quem·

110 1124 169 1190 que
185 1123 202 1165 e
219 1101 328 1164 deditis
344 1106 489 1185 ‘pergere
512 1099 550 1163 ad
573 1099 722 1163 obsessos'
735 1098 834 1185 jubet,
847 1101 987 1163 ‘veniam
1010 1116 1114 1164 osten·

110 1203 220 1265 tantes,
236 1188 260 1252 si
276 1187 434 1274 presentia
455 1200 673 1272 sequerentur:
698 1185 785 1249 aliter
800 1186 872 1250 nihil
888 1187 977 1272 spei:
1000 1186 1113 1251 samem

107 1275 279 1360 sertumque
305 1286 337 1336 et
362 1288 499 1340 extrema
528 1272 689 1359 passuros!
735 1272 899 1359 Adjecdre,
938 1274 988 1359 qui
1027 1275 1112 1338 missi
1150 1308 1153 1312 ·
1236 1271 1237 1320 ἓ

110 1358 400 1512 θηῑῃιέθιόὶζξέἓὲ
415 1381 600 1524 spiqtcnhdes'
616 1445 686 1509 inde
707 1460 838 1530 egestas,
861 1447 941 1510 inter
958 1447 1052 1510 decus
1075 1469 1114 1512 ac

109 1535 256 1620 flagitium
272 1531 486 1597 distrahebant.
532 1531 755 1596 Cunctantibus
771 1535 855 1598 solita
871 1535 1115 1619 insolitaqucali·

110 1637 214 1687 menta
229 1621 355 1685 deerant
368 1641 376 1698 ;
400 1619 544 1683 absumtis
555 1617 700 1706 jumentis
716 1621 864 1706 equisque
879 1635 909 1684 et
925 1623 1034 1684 ceteris
1050 1623 1115 1684 ani·
1214 1701 1215 1704 Ἴ

109 1710 249 1786 malibus,
265 1729 330 1792 quae
358 1703 483 1790 prolana
506 1704 647 1791 foedaqne
669 1707 698 1768 in
722 1727 810 1770 usum
833 1709 997 1772 necessitas
1014 1709 1114 1772 vertit.

107 1795 247 1880 Virgulta
264 1791 418 1879 postremi>
432 1807 464 1856 et
477 1793 584 1876 stripes
600 1807 632 1856 et
646 1793 809 1856 internatas
824 1795 904 1856 saxis
920 1794 1028 1857 herbas
1050 1796 1115 1858 vel-

108 1883 215 1958 lentes,
232 1879 418 1944 miseriarum
433 1880 645 1965 patientiaque
655 1880 871 1944 documentum
884 1879 968 1944 lutire
983 1903 992 1944 r
1015 1881 1116 1946 donec

108 1969 261 2053 egregiam
278 1965 398 2030 laudern
421 1966 481 2030 fine
497 1967 576 2052 turpi
593 1967 791 2045 macularent,
809 1967 906 2030 missis
929 1967 966 2030 ad
982 1969 1113 2032 Civilem

109 2055 228 2139 legatis,
258 2051 383 2117 ‘vitam'
408 2067 540 2117 orantes.
586 2051 697 2139 Neque
719 2053 790 2116 ante
821 2073 927 2137 preces
964 2055 1113 2133 admisse,

110 2142 200 2228 quiam
216 2141 245 2204 in
260 2139 352 2204 verba
363 2137 531 2204 Galliarum
543 2139 689 2227 jurarent.
734 2136 829 2218 Tum,
840 2154 945 2224 pactus
958 2147 967 2179 ‘
981 2143 1113 2225 predam

108 2227 295 2306 castrorum,’
312 2227 364 2290 det
380 2227 533 2306 custodes,
556 2227 606 2312 qui
630 2227 801 2312 pecuniam,
823 2227 957 2305 calones,
982 2229 1114 2292 sarcinas

109 2329 305 2392 retentarent,
332 2335 368 2378 ac
393 2314 445 2398 qui
468 2315 549 2398 ipsos
572 2313 655 2377 leves
678 2313 824 2377 abeuntes
848 2329 1113 2400 prosequerentur.

109 2404 161 2470 Ad
177 2403 313 2488 quintum
329 2399 392 2465 fere
408 2401 541 2486 lapidem
561 2401 655 2465 coorti
672 2399 818 2464 Germani
834 2401 987 2464 incautum
1004 2423 1115 2484 agmen

109 2488 332 2575 aggrediuntur.
378 2487 625 2570 Pugnacissimus
651 2488 778 2573 quisque
801 2487 831 2550 in
859 2489 996 2573 vestigio,
1027 2489 1114 2552 multi

109 2578 258 2666 palantes,
283 2573 476 2638 occubuere:
511 2575 605 2638 ceteri
631 2573 709 2638 retrd
735 2575 764 2637 in
802 2589 899 2638 castra
929 2575 1113 2660 profugiunt,

111 2676 257 2752 querente
282 2660 354 2725 sanie
371 2659 472 2725 Civile
495 2674 526 2726 et
551 2662 724 2746 increpante
748 2660 929 2740 Germanos,
951 2669 1115 2746 ‘tanquam

109 2753 201 2818 fidem
226 2769 280 2834 per
294 2748 395 2813 scelus
419 2747 654 2833 abrumperent.’
700 2747 847 2813 Simulata
870 2769 906 2810 ea
930 2747 1051 2828 luerint,
1074 2771 1113 2813 aa

110 2838 240 2904 retinere
254 2836 412 2900 sevientes
434 2836 612 2921 nequiverit,
636 2857 741 2920 parum
758 2836 933 2898 affirmatur.
979 2835 1115 2919 Direptis

109 2925 227 3002 castris,
251 2922 332 2988 laces
354 2923 511 3009 injiciunt:
536 2936 735 3007 cunctosque,
759 2923 809 3008 qni
833 2922 934 3006 praelio
956 2923 1115 3008 supersue-

111 3026 189 3089 rant,
206 3010 379 3075 incendium
395 3009 505 3073 hausit.

107 3105 111 3112 ’
154 3096 248 3162 LXl.
271 3095 390 3175 Civilis,
414 3096 540 3160 barbaro
564 3109 644 3174 roto,
666 3110 733 3179 post
757 3109 858 3180 coepta
882 3095 1025 3160 adversus
1048 3095 1116 3160 Ro-
1143 3137 1147 3142 -

111 3206 218 3250 manos
233 3205 326 3260 arma,
346 3204 515 3268 propexum
538 3182 750 3268 rutilatumque
773 3185 899 3260 crinem,
920 3183 1039 3268 patratis
1060 3185 1115 3246 de-

112 3269 288 3337 mumcaede
304 3270 469 3352 legionum,
485 3270 635 3354 deposuit.
682 3267 725 3332 Et
741 3269 901 3345 serebatur,
919 3271 1115 3354 parvulofilio

112 3357 259 3446 quosdam
274 3357 473 3438 captivorum,
486 3357 599 3439 sagittis
611 3355 781 3442 jaculisque
793 3357 955 3440 puerilibus
967 3358 1113 3438 figendos,

112 3443 267 3511 obtulisse.
313 3439 460 3506 Ceterirm
477 3465 576 3528 neque
586 3465 629 3520 se,
646 3465 745 3528 neque
761 3464 934 3528 quenquam
950 3443 1114 3523 Batavum,

111 3534 142 3597 in
159 3530 250 3595 verba
266 3528 432 3593 Galliarum
443 3530 565 3614 adegit:
588 3531 659 3594 fisus
676 3530 896 3593 Germanorum
919 3531 1048 3614 opibus:
1072 3546 1114 3610 et,

111 3621 136 3684 si
152 3616 329 3682 certandum
346 3617 489 3682 adversita
512 3617 617 3680 Gallos
640 3617 678 3680 de
703 3618 892 3702 possessione
908 3639 1006 3680 rerum
1026 3616 1113 3697 soret,

112 3706 229 3770 inolitus
245 3702 325 3767 lami
336 3719 366 3768 et
382 3704 487 3790 potior.
532 3703 701 3769 Mummius
713 3703 883 3788 Lupercus,
895 3704 1030 3788 Legatos
1041 3705 1116 3786 legi-

112 3793 188 3874 onis,
204 3791 281 3855 inter
295 3791 375 3856 dona
396 3792 505 3856 missam
518 3789 655 3855 Veledae.
702 3790 750 3856 Ea
767 3792 850 3876 ringo
872 3792 998 3858 nationis
1014 3789 1116 3858 Bruc-
