2484 4316
120 222 164 286 A.
181 219 222 286 C.
239 221 309 303 69.]
399 219 542 286 Hrsaon.
566 219 641 284 Lm.
666 219 843 295 Quartana.
1066 229 1126 291 143

123 386 183 450 vile
206 385 326 452 nuntius
349 385 525 469 assequitur.
571 383 747 450 Intumuere
769 386 869 450 statim
896 387 1035 472 superbia
1051 388 1128 452 sero-

122 472 243 556 cibque,
259 489 290 534 et
306 473 454 555 ‘pretium
470 472 592 548 itineris,
605 473 788 548 donativum,
803 473 919 556 duplex
934 476 1126 559 stipendium,

124 560 227 642 augeri
243 559 383 645 equitum¹
394 558 575 635 numerum,'
594 559 737 641 promissa
755 559 827 622 saud
844 581 861 622 a
876 557 1010 638 Vitellio,
1026 577 1129 646 postu·
1233 571 1234 578 ’

123 647 236 721 labant,
253 667 324 722 nou,
352 659 385 708 ut
412 660 651 730 assequerentur,
675 645 728 707 sed
752 665 873 709 causam
889 647 1038 712 seditioni.
1084 648 1128 712 Et

124 732 267 808 Flaccus,
293 733 387 794 molta
401 732 609 808 concedendo,
632 731 705 794 nihil
722 733 802 795 aliud
818 733 971 810 effecerat,
988 734 1077 818 quaint
1095 748 1127 798 ut

124 819 221 884 acuitis
237 833 448 903 exposcerent,
461 841 526 902 quae
541 819 676 881 sciebant
688 833 874 901 negaturum.
911 821 1021 904 Spreto
1037 820 1128 885 Flac·

124 929 174 984 co,
197 905 366 968 inferiorem
384 904 579 968 Germaniam
605 904 752 988 petivere,
769 920 800 968 ut
817 905 906 968 Civili
918 905 1130 992 jungerentur.

126 990 329 1068 Hordeonius,
346 993 482 1055 adhibitis
498 991 642 1054 Tribunis
658 991 964 1077 Centuriouibusque,
977 996 1127 1057 consulta·

126 1080 178 1154 vit,
195 1085 287 1142 ‘uum
302 1079 479 1163 obsequium
497 1079 662 1141 abnuentes
677 1079 704 1140 vi
717 1079 894 1142 coerceret!
939 1079 1030 1156 Mox,
1040 1080 1128 1143 insita

125 1165 245 1248 ignaviai
260 1181 289 1228 et
301 1167 423 1250 trepidis
440 1166 588 1242 ministris,
606 1187 680 1250 quos
696 1166 853 1248 ambiguus
869 1166 1046 1230 auxiliorum
1064 1169 1127 1230 ani·

125 1273 191 1314 mus
212 1266 242 1314 et
265 1253 363 1314 subito
379 1253 497 1316 delectu
514 1253 659 1335 suppletae
682 1253 815 1332 legiones
831 1253 990 1335 augebant,
1014 1255 1126 1330 statuit,

125 1339 277 1402 continere
293 1340 368 1401 intra
391 1355 486 1402 castra
502 1339 637 1402 militem.
684 1338 765 1400 Dein
783 1338 970 1422 poenitentia,
993 1354 1024 1402 et
1039 1362 1127 1420 argu·

39 1441 41 1446 '
126 1426 243 1488 entibus
258 1425 340 1507 ipsis,
353 1427 403 1510 qui
415 1441 577 1501 suaserant,
590 1439 730 1508 tauquam
748 1440 914 1501 secuturus,
931 1426 1046 1508 scripsit
1061 1425 1129 1488 He·

126 1513 229 1576 rennio
246 1511 346 1588 Gallo,
370 1513 495 1592 legionis
512 1512 611 1594 primae
632 1510 762 1592 Legat0,
786 1512 836 1594 qui
856 1511 996 1573 Bonnam
1013 1512 1129 1574 obtine-

125 1599 187 1674 bat,
211 1613 243 1662 ut
267 1605 403 1660 ‘arceret
419 1600 544 1660 transitu
561 1597 713 1658 Batavos:
737 1617 770 1658 se
786 1617 856 1659 cum
878 1598 1012 1659 exercitu
1037 1597 1129 1678 tergis

125 1705 230 1746 eorum
247 1683 418 1746 haesurum!
465 1682 507 1744 Et
531 1683 659 1766 opprimi
676 1683 825 1764 poteraut,
849 1683 874 1744 si
897 1683 967 1744 hinc
988 1680 1128 1745 Hordeo·

126 1771 203 1844 nius,
229 1769 299 1830 inde
315 1767 547 1845 Gallus‚‘motis
563 1769 712 1851 utrimque
739 1769 845 1850 copiis,
867 1769 984 1830 medios
1007 1769 1130 1832 clausis·

126 1869 204 1918 seut.
250 1847 380 1916 Flaccus
396 1855 494 1916 omisit
507 1855 672 1938 inceptum,
685 1855 812 1938 aliisque.
826 1855 915 1918 literis
929 1853 1050 1917 Gallum
1065 1877 1129 1918 mo·

126 1941 202 2016 nuit,
217 1961 255 2002 ne
271 1954 396 2003 terreret
407 1940 563 2003 abeuntes.
609 1939 701 2004 Unde
717 1941 858 2024 suspicio,
874 1955 980 2026 sponte
996 1941 1129 2025 Legato·

126 2049 192 2089 ruru
206 2027 330 2089 excitari
346 2027 477 2089 bellum:
501 2043 670 2112 cunctaque
681 2050 746 2112 quae
762 2028 933 2090 acciderant
949 2042 999 2090 aut
1012 2043 1128 2090 metue-

125 2113 245 2190 bantur,
269 2135 328 2176 non
353 2112 460 2176 inertia
475 2114 586 2192 militis,
613 2135 711 2198 neque
736 2115 922 2193 hostiumn,
945 2115 1000 2178 sed
1024 2114 1128 2178 fraude

126 2200 250 2263 Ducum
268 2200 398 2262 evenire.

169 2285 247 2349 XX.
272 2285 381 2348 Batavi
412 2286 482 2349 crim
508 2287 612 2350 castris
642 2286 854 2350 Bonnensibus
884 2288 1130 2371 propinquarent,

127 2371 390 2458 pramisdresqui
398 2372 555 2437 Herennio
572 2373 663 2436 Gallo
686 2373 827 2436 mandata
848 2375 1015 2438 cohortium
1032 2395 1129 2458 expo-

126 2474 234 2522 neret:
258 2460 393 2522 ‘uullum
403 2461 461 2522 'sibi
479 2461 590 2523 bellum
607 2461 751 2523 adversus
763 2459 935 2537 Romanos,
952 2483 1006 2544 pro
1021 2461 1129 2545 quibus

126 2547 236 2609 totiens
252 2545 426 2610 bellassent.
473 2546 583 2630 Longa
598 2561 688 2630 atque
704 2547 785 2609 irritb
807 2545 912 2610 militiai
927 2546 1011 2610 133313
1028 2547 1129 2630 patrie

126 2647 217 2716 atque
238 2633 289 2696 otii
304 2634 477 2716 cupidinem
493 2655 571 2696 3333,
618 2633 652 2695 Si
676 2655 766 2696 neruo
786 2634 955 2710 obsisteret,
971 2633 1128 2694 innoxium

125 2719 182 2782 iter
211 2718 296 2795 lore;
330 2720 374 2781 siu
402 2741 484 2782 arma
514 2733 683 2795 occurrant,
715 2718 792 2782 serro
823 2720 901 2782 viam
928 2715 1156 2781 inventuros'*

126 2804 329 2868 Cunctantem
347 2805 497 2886 Legatum
511 2807 618 2869 milites
635 2806 838 2888 perpulerant,
851 2813 859 2842 ‘
873 2804 1021 2868 fortunam
1038 2804 1129 2886 praelii

126 2891 336 2974 experiretur!
381 2892 455 2954 Tria
486 2893 578 2954 millia
608 2892 838 2974 legionariorum
869 2906 899 2954 et
929 2890 1128 2952 tumultuariae

126 2977 291 3059 Belgarum
312 2977 465 3054 cohortes,
487 2979 574 3040 simul
597 2995 781 3062 paganorum
805 2977 995 3059 lixarumque
1011 2977 1127 3056 ignava,

125 3064 178 3129 sed
196 3085 308 3149 procax
332 3079 402 3126 3333
425 3065 604 3148 periculum,
621 3085 737 3140 manus,
754 3064 892 3125 omuibus
917 3063 1007 3146 portis
1028 3083 1128 3124 erum-

125 3166 211 3236 punt,
237 3165 267 3213 et
292 3150 426 3213 Batavos
452 3173 578 3212 numero
608 3150 740 3232 impares
770 3147 1020 3212 circumfundant.
1066 3147 1126 3226 llli,

126 3251 244 3300 veteres
269 3237 390 3313 militie,
405 3237 435 3298 iu
451 3258 564 3299 333333
587 3248 818 3318 congregantur,
843 3236 927 3300 densi
950 3235 1082 3319 undique
1099 3250 1129 3300 et

126 3322 253 3387 frontem
269 3338 414 3408 tergaque
430 3345 466 3386 ac
490 3323 567 3387 latus
582 3324 647 3386 tuti.
694 3322 744 3386 Sie
761 3337 885 3384 tenuem
900 3323 995 3386 aciem
1012 3337 1129 3386 nostro-

125 3431 191 3473 rum
228 3409 426 3494 perfringunt.
473 3409 661 3473 Cedeutibus
685 3409 801 3492 Belgis,
833 3409 953 3492 pellitur
978 3409 1069 3490 legio,
1096 3422 1127 3472 et

28 3529 32 3536 ·
126 3497 238 3560 vallum
255 3510 415 3581 portasque
435 3497 544 3580 trepidi
569 3497 724 3581 petebant.
770 3495 815 3558 Ibi
839 3496 997 3580 plurimum
1013 3496 1126 3558 cladis:

124 3584 285 3646 cumulatae
297 3584 473 3668 corporibus
484 3583 568 3646 lossae
582 3605 589 3646 :
613 3605 671 3647 nec
682 3583 765 3646 caede
777 3583 893 3646 tautum
903 3597 933 3647 et
945 3583 1127 3657 vulneribus,

125 3671 179 3734 sed
196 3669 281 3733 ruiub
296 3685 327 3734 et
342 3672 403 3736 3313
421 3671 556 3755 plerique
567 3670 634 3733 telis
646 3670 797 3733 interiere.
844 3668 996 3744 Victores,
1008 3667 1128 3731 colonia

126 3757 391 3844 Agrippinensium
408 3757 511 3836 vitata,
523 3757 596 3822 nibil
612 3771 716 3822 cetero
731 3757 836 3821 itinere
849 3757 957 3822 hostile
969 3755 1032 3819 3331
1044 3754 1129 3818 Bon-
