2508 4254
130 175 170 240 A.
188 173 229 240 C.
244 176 313 259 69.]
415 175 556 242 Hieros.
580 176 655 242 Lus.
679 176 846 244 Tnanrus.
1092 179 1135 242 99
1153 242 1156 249 ,

134 341 365 425 egrossignum,
392 354 436 418 ut,
463 342 523 427 quia
544 342 653 427 cuique
680 343 862 426 proximum,
888 341 1001 409 omissb
1023 341 1136 427 predii,

132 428 234 512 praelio
248 443 454 492 occurrerem.
500 429 633 492 Pauidus
648 429 765 494 interim
780 428 891 506 Varus,
906 430 998 493 turbe
1014 449 1136 494 suorum

130 514 287 592 miscetur,
302 515 457 600 intulitque
474 513 681 582 formidinem:
706 516 781 600 pulsi
803 511 873 580 cum
889 517 999 580 sauciis
1020 513 1136 599 integri,

130 601 306 684 suometipsi
323 618 404 665 metu
420 616 452 666 et
466 603 609 684 angustiis
626 603 738 666 viarum
754 603 1012 668 conflictabantur.

177 685 284 750 XVll.
308 687 446 765 Nullum,
469 688 498 752 in
520 687 571 752 illd
586 689 794 772 trepidatione,
811 689 959 754 Antonius
973 689 1137 756 constantis

130 771 241 850 Ducis,
258 789 309 837 aut
323 773 473 838 fortissimi
489 775 599 852 militis,
615 775 749 840 officium
764 775 881 840 omisit:
904 795 1136 860 occursarepa·

132 861 273 924 ventibus
279 883 290 934 3
312 861 443 924 retinere
458 862 620 926 oedentes:
645 862 695 926 ubi
711 863 855 946 plurimos
870 863 965 940 labor,
984 863 1066 926 unde
1079 861 1136 926 ali-

132 967 194 1031 qua
209 968 290 1030 spes,
317 948 453 1025 consilio,
476 969 578 1025 manu,
604 969 680 1012 voce
704 949 826 1032 insignis
843 949 931 1026 hosti,
954 949 1137 1032 conspicuus

130 1033 213 1096 suis:
236 1033 274 1096 ed
286 1033 439 1117 postremo
454 1035 567 1098 ardoris
584 1050 743 1118 provectus
765 1051 821 1112 est,
837 1050 869 1100 ut
885 1035 1072 1099 vexillarium
1089 1034 1136 1096 lu-

130 1119 263 1204 gientem
290 1119 375 1184 baetti
395 1122 668 1186 transverberaret:
692 1143 765 1186 mox
787 1137 908 1206 raptum
932 1121 1077 1186 vexillum
1103 1120 1134 1184 in

131 1207 249 1270 hostem
266 1206 370 1271 vertit:
390 1229 456 1355 quo
472 1208 586 1292 pudore
598 1207 677 1271 haud
691 1209 802 1293 plures,
814 1209 905 1294 quem
917 1222 1039 1272 centum
1052 1207 1139 1292 equi·

131 1305 190 1370 tes,
202 1292 348 1358 restitere.
416 1294 477 1358 avit
492 1294 587 1370 loeus,
599 1298 726 1358 arctiore
741 1295 801 1360 illic
816 1294 875 1372 vib,
891 1310 922 1358 er
936 1293 1032 1360 srncto
1046 1294 1138 1357 inrer-

130 1379 251 1442 flueutis
266 1380 322 1442 rivi
338 1395 439 1463 ponte,
464 1382 513 1465 qui
537 1381 652 1444 incerto
667 1381 764 1458 alveo,
783 1395 817 1444 et
832 1381 1034 1465 precipitibus
1055 1379 1138 1464 ripis,

132 1465 234 1550 sugam
249 1465 450 1550 impediebat:
478 1487 515 1530 ea
530 1467 705 1544 necessitas,
733 1489 787 1532 seu
811 1467 939 1545 louuna,
963 1467 1062 1550 lapsas
1072 1466 1138 1551 jam

132 1567 232 1638 partes
248 1552 383 1616 restituit.
429 1551 554 1618 Firmeti
579 1554 655 1618 inter
677 1575 723 1630 se,
749 1553 850 1618 densis
872 1553 1026 1618 ordinibus
1050 1551 1138 1616 esei-

131 1639 216 1723 piunt
230 1637 408 1702 Vitellianos
430 1639 545 1702 temere
568 1640 703 1702 effusos:
727 1653 819 1723 atque
843 1640 884 1703 illi
899 1653 1136 1702 consternentur.

130 1724 279 1790 Antonius
295 1725 405 1788 instare
422 1725 577 1808 perculsis,
600 1739 735 1788 sternere
756 1725 871 1790 obvios.
914 1723 1016 1788 'Simul
1031 1723 1136 1801 ceteri,

132 1824 166 1876 ut
179 1811 290 1894 cuique
306 1811 470 1892 ingenium,
493 1811 633 1896 spoliare,
652 1831 774 1896 capere,
788 1831 874 1874 arma
889 1831 1045 1895 equosque
1061 1809 1138 1874 abri-

122 1917 222 1982 pere:
246 1910 278 1959 et
293 1897 385 1962 exciti
402 1918 546 1981 prospero
556 1898 704 1975 clamore,
720 1899 771 1982 qui
786 1896 876 1963 modd
892 1917 948 1982 per
960 1917 1049 1980 egros
1064 1895 1137 1980 lugd

131 1983 320 2068 palabantur,
336 1983 466 2046 victoriae
482 2005 515 2045 se
531 1983 708 2046 miscebant.

175 2066 300 2132 XVlll.
325 2068 377 2132 Ad
393 2083 531 2154 quartum
554 2067 744 2134 aCremend
764 2069 896 2154 lapidem
918 2067 1027 2132 sulsdre
1042 2068 1137 2152 legio·

129 2175 204 2220 uum
220 2155 316 2237 signa,
333 2153 571 2240 Rapacisatque
589 2154 711 2233 ltalieae,
727 2157 795 2220 leto
810 2157 889 2220 inter
903 2157 986 2220 initia
1000 2155 1138 2240 equiturn

104 2253 253 2306 'suorum
278 2242 389 2325 prelio,
412 2243 483 2306 illue
508 2263 604 2326 usque
627 2258 782 2326 proveeta.
828 2243 903 2319 Sed,
926 2243 978 2306 ubi
1001 2241 1138 2306 Fortuna

127 2327 238 2394 oontrd
259 2326 322 2404 luit,
338 2347 398 2392 non
413 2329 516 2392 laxare
531 2326 663 2406 ordines,
682 2349 742 2392 non
758 2330 894 2414 recipere
909 2329 1055 2404 turbatos,
1078 2349 1138 2392 non

129 2414 252 2480 obviem
268 2414 323 2492 ire,
346 2414 488 2499 ultroque
512 2415 634 2500 aggredi
651 2416 780 2493 hostem,
803 2431 916 2481 tantum
940 2437 994 2499 per
1008 2415 1137 2498 spatium

127 2523 222 2566 eursu
237 2513 269 2564 et
292 2501 453 2585 pugnando
469 2501 591 2566 sessum.
637 2500 732 2566 Forte
756 2503 837 2581 vieti,
853 2503 933 2566 haud
950 2501 1074 2587 perinde
1090 2521 1138 2564 re·

132 2589 190 2652 bus
207 2590 356 2672 prosperis
372 2588 494 2652 Ducem
512 2588 767 2664 desideraverant,
783 2605 873 2673 atque
889 2591 918 2652 in
934 2588 1069 2652 adversis
1084 2587 1138 2650 de·

130 2694 199 2740 esse
216 2674 430 2756 intelligebant.
476 2673 642 2740 Nutantem
658 2676 754 2738 eciem
767 2676 862 2740 victor
918 2676 1024 2740 uitatns
1039 2675 1138 2738 ineur-

128 2774 195 2826 sat:
220 2776 251 2825 et
267 2759 433 2846 Vipstanus
449 2759 603 2838 Messalla,
626 2759 792 2838 Tribunus,
818 2783 888 2826 eum
941 2761 1041 2824 oesicis
1060 2781 1138 2824 eux·

130 2848 261 2912 iliaribus
276 2849 454 2933 assequitur,
470 2869 546 2932 quos
562 2848 671 2912 militie
687 2848 865 2930 legionariis,
882 2868 1053 2932 quanquam
1069 2867 1137 2931 rap-

130 2935 186 3000 tim
201 2935 318 3012 ductos,
334 2935 501 3020 equabaut.
545 2933 591 2998 lta
607 2934 721 2996 mixtus
737 2935 832 3017 pedes
850 2954 1004 3018 equesque
1028 2931 1136 3016 rupere

127 3021 282 3106 legionum
306 3041 427 3104 agmen.
473 3021 516 3084 Et
543 3021 711 3104 propinqua
737 3019 989 3083 Cremonensium
1012 3019 1137 3096 moenia,
1230 3035 1232 3042 ’

130 3107 242 3192 quantb
258 3109 325 3193 plus
339 3108 405 3192 spei
431 3108 468 3170 ad
492 3107 649 3191 effugium,
674 3105 759 3170 tautb
780 3105 926 3169 minorem
943 3105 980 3168 ad
996 3103 1137 3168 resisten·
1229 3129 1231 3140 ⁴

131 3195 216 3270 dum,
233 3195 365 3258 animum
382 3194 505 3258 dabant.

175 3279 271 3344 XIX.
296 3279 326 3344 N
329 3303 365 3344 ee
378 3281 525 3345 Antonius
540 3279 618 3344 ultrri
632 3279 744 3357 institit,
760 3300 878 3344 memor
892 3278 1001 3342 laboris
1016 3297 1053 3342 ao
1069 3277 1137 3342 vul·

128 3388 248 3445 nerum,
264 3367 372 3453 quibus
386 3383 447 3432 tam
463 3385 576 3450 anceps
590 3367 680 3451 prelii
696 3365 824 3443 fortuna,
840 3365 977 3451 quamvis
993 3384 1138 3449 prospero
1226 3387 1228 3404 ²

129 3455 202 3531 fine,
228 3455 345 3539 equites
363 3475 520 3538 equosque
544 3453 747 3516 afflictaverat.
793 3452 985 3518 Inumbrante
1008 3448 1138 3534 vespera

130 3541 305 3606 universum
333 3539 471 3604 Flaviani
493 3538 646 3604 exercitiis
671 3541 761 3604 robur
787 3539 918 3604 advenit.
963 3535 1068 3620 thue
1083 3557 1139 3599 eu·

130 3627 232 3692 mulos
245 3647 335 3712 super
357 3644 387 3692 et
409 3627 543 3692 recentis
558 3627 642 3690 cede
658 3627 782 3709 vestigia
797 3625 960 3700 incessere,
976 3623 1061 3709 quasi
1084 3622 1138 3685 de-

128 3713 275 3778 bellatum
290 3713 381 3792 foret,
409 3721 554 3800 ‘pergere
570 3712 768 3792 Cremonam,
791 3726 824 3778 et
838 3713 931 3780 victos
954 3712 984 3774 in
1010 3709 1137 3774 deditio-
