2484 4316
109 199 172 262 150
444 192 486 260 C.
509 193 619 262 Coras.
641 193 766 260 Trcrrr
897 197 952 282 [A.
968 195 1012 262 U.
1028 199 1107 263 822.

105 357 212 437 fidunt,
235 378 305 422 suas
329 356 485 442 recepire.
541 357 735 423 Fortissimus
765 358 891 444 quisque
920 381 939 423 e
967 360 1108 438 Batavis,
1193 421 1196 426 ,

108 463 252 530 quantum
275 443 408 529 peditum
429 460 503 522 erat,
519 443 703 508 funduntur:
724 466 818 528 eques
838 447 932 510 evasit
955 468 1026 510 curn
1046 449 1109 530 sig·
1208 461 1209 474 l

108 531 154 595 nis
168 531 366 616 captivisque,
387 551 462 614 quos
484 531 582 616 primia
601 531 667 594 acie
688 533 902 616 corripuerant.
948 531 1109 596 Caesorum
1208 537 1209 612 3

109 638 147 681 eo
163 618 224 694 die,
240 617 268 679 in
285 617 416 702 partibus
431 618 549 696 nostris,
572 616 668 702 major
689 639 832 682 numerus
847 633 878 682 et
900 619 1070 698 imbellior;
1090 641 1110 683 e
1208 617 1209 678 i

109 703 272 766 Germanis
287 704 294 764 i
318 724 351 766 sa
366 701 482 766 robora.

153 787 269 852 XXXI
306 788 415 852 .Dux
441 805 580 874 uterque,
610 790 674 874 pari
704 789 795 876 culpis
818 791 940 856 meritus
970 791 1110 872 adversa,

109 875 260 960 prosperis
281 872 417 939 defuere.
462 875 542 940 Nam
569 875 689 953 Civilis,
714 879 739 942 si
762 877 925 962 majoribus
947 880 1042 964 copiis
1064 880 1110 942 itt·

110 961 268 1024 struxisset
297 962 406 1038 aciem,
429 963 577 1026 circumiri
604 983 622 1026 a
650 978 711 1028 tam
736 965 838 1048 paucis
860 965 1033 1029 cohortibus
1055 985 1110 1028 ne-

111 1045 236 1132 quisset,
258 1062 416 1133 castraque
439 1064 580 1132 perrupta
602 1049 791 1113 exscidisset.
838 1048 954 1114 Vocula
974 1072 1033 1114 nec
1057 1051 1111 1113 ad·

111 1149 237 1196 ventum
250 1133 377 1197 hostiurn
390 1135 567 1218 exploravit,
575 1134 674 1219 obque
686 1136 773 1199 simul
786 1156 923 1216 egressus
937 1137 1111 1221 victusque:

111 1219 181 1282 dein
197 1220 327 1282 victoriae
351 1241 455 1303 parum
470 1221 610 1297 confisus,
626 1221 702 1284 tritis
717 1220 824 1286 fmstrai
838 1221 954 1298 diebus,
969 1238 1065 1286 castra
1080 1223 1111 1285 itt

111 1305 229 1370 hostem
245 1305 357 1368 movit:
383 1327 472 1390 quent
485 1307 509 1370 si
524 1307 621 1370 statim
635 1308 801 1390 impellere,
813 1329 994 1392 cursumque
1010 1330 1112 1372 rerum

110 1393 195 1477 sequi
213 1389 403 1468 maturasset,
414 1393 532 1455 solvere
540 1393 689 1456 obsidium
703 1393 855 1477 legionum
871 1395 980 1458 eodem
995 1395 1112 1479 impetu

111 1479 220 1564 potuit.
264 1476 451 1541 Tentaverat
480 1479 598 1542 interim
628 1477 735 1542 Civilis
763 1479 953 1544 obsessomm
984 1481 1112 1558 animos,

110 1580 253 1650 tanquam
274 1565 396 1650 perditae
412 1564 492 1647 apud
517 1565 673 1628 Romanos
692 1587 750 1642 ras,
766 1580 797 1628 et
819 1566 879 1628 suis
896 1567 1019 1631 victoria
1042 1588 1113 1650 pro·

110 1653 252 1715 venisset.
305 1649 603 1715 circumferebantur
633 1652 717 1734 signa
749 1652 940 1737 vexillaque:
972 1654 1112 1718 ostentati

110 1739 200 1802 etiarn
216 1738 346 1822 captivi:
370 1759 409 1801 ex
442 1738 526 1801 uibus
537 1759 624 1814 uuus,
636 1739 789 1820 egregium
804 1737 915 1802 lacinus
930 1760 1032 1816 ausus,
1048 1739 1111 1802 cla·

49 1838 55 1845 “
111 1823 145 1888 ria
161 1845 236 1887 voce
251 1837 336 1906 gesta
353 1760 506 1906 patefecit,
521 1824 679 1887 confossus
693 1825 773 1886 illico
791 1845 808 1886 a
824 1823 1005 1888 Germanis:
1029 1826 1113 1890 unde

111 1909 206 1996 major
222 1909 311 1972 indici
328 1909 413 1973 fides.
460 1910 556 1974 Simul
574 1911 739 1974 vastatione
762 1911 968 1996 incendiisque
985 1911 1113 1993 flagran-

112 1997 188 2060 tium
214 1995 361 2072 villatum,
378 1997 479 2060 venire
504 1997 647 2059 victorem
671 1998 850 2072 exercitum,
880 1997 1113 2079 intelligebatur.

114 2081 171 2146 ‘lu
186 2099 350 2166 conspectu
367 2097 533 2146 castrorum
547 2083 686 2146 constitui
702 2083 796 2163 signa,
816 2082 987 2168 fossamque
1003 2098 1034 2146 et
1050 2085 1114 2148 val·

114 2170 176 2234 lum
206 2168 396 2232 circumdari’
423 2167 542 2232 Vocula
563 2168 669 2255 jubet:
694 2169 859 2253 ‘depositis
889 2169 1114 2254 impedimentis

114 2255 307 2340 sarcinisque,
331 2256 466 2338 expediti
482 2255 656 2318 certarent!
703 2253 784 2318 Hinc
808 2256 836 2318 itt
854 2255 976 2320 Ducem
997 2257 1114 2320 clamor

116 2363 247 2429 pugnarn
264 2343 473 2426 poscentium:
496 2357 526 2406 et
541 2342 646 2406 minari
662 2355 864 2406 assueverant.
910 2341 960 2405 Ne
976 2357 1114 2428 tempore

115 2429 235 2516 quidem
252 2427 289 2492 ad
312 2428 507 2492 ordinandam
530 2429 626 2492 aciem
648 2444 747 2512 capto,
770 2429 958 2513 incompositi
982 2428 1113 2514 fessique

114 2515 248 2600 prelium
278 2514 434 2578 sumsrire:
458 2537 528 2578 nam
555 2513 662 2578 Civilis
688 2515 801 2592 aderat,
828 2537 887 2578 non
915 2515 1014 2578 minias
1037 2517 1114 2580 vitiis

115 2601 256 2679 hostium,
284 2601 373 2686 quiam
389 2601 497 2665 virtute
522 2623 656 2679 suorum,
682 2599 785 2665 fretus.
830 2600 922 2664 Vatia
944 2602 1025 2684 apud
1047 2601 1115 2666 Ro·

116 2710 220 2754 manos
236 2688 363 2766 fortuna,
379 2703 410 2752 et
425 2688 664 2752 seditiosissimus
679 2688 805 2772 quisque
820 2689 964 2770 ignavus:
980 2687 1114 2772 quidam,

116 2775 246 2841 recentis
260 2775 391 2840 victoria
415 2795 575 2852 memores,
598 2775 725 2838 retinere
747 2775 860 2852 locum,
877 2773 964 2838 ferire
984 2775 1115 2851 hostem,

116 2884 209 2949 seque
225 2875 256 2926 et
268 2862 421 2946 proximos
438 2861 568 2926 hortari:
591 2875 633 2938 at,
644 2860 847 2943 redintegratis
861 2861 937 2936 acie,
953 2881 1060 2924 manus
1077 2861 1115 2924 ad

116 2951 254 3016 obsessos
284 2947 420 3025 tendere,
448 2955 505 3012 ‘ne
532 2948 659 3032 tempori
684 2947 846 3010 deessent)
891 2945 948 3024 Illi,
963 2961 1074 3028 cuncta
1097 2967 1116 3010 e

115 3039 206 3102 muris
232 3050 402 3111 cernentes,
428 3035 566 3098 omnihus
591 3034 682 3118 portis
709 3047 916 3118 prorumpunt.
962 3033 1011 3096 Ac
1038 3031 1115 3096 sorte
1208 3075 1209 3090 t

118 3122 225 3189 Civilis
240 3123 326 3205 lapsu
342 3122 410 3206 equi
429 3136 600 3205 prostratus,
615 3119 732 3183 creditit
747 3141 800 3204 per
823 3134 981 3205 utrumque
998 3119 1117 3182 exerci-

117 3225 181 3276 tum
198 3207 278 3274 fama
293 3214 301 3245 ‘
315 3208 503 3272 vulneratum
521 3221 572 3270 aut
587 3205 799 3283 interfectum,'
816 3207 947 3270 immane
969 3221 1115 3292 quantum

116 3297 177 3364 suis
193 3295 322 3446 ppvoris,
338 3308 369 3357 et
386 3295 519 3358 hostibus
535 3294 703 3368 alacritatis
719 3291 834 3356 indidit.

160 3381 194 3447 X
231 3379 303 3444 XV.
327 3379 388 3458 Sed
411 3379 540 3458 Vocula,
563 3381 678 3444 omissis
694 3379 869 3462 fugientium
886 3379 987 3460 tergis,
1003 3379 1116 3444 vallum

117 3485 273 3554 turresque
289 3481 452 3531 castrorum
470 3467 608 3549 augebat,
624 3481 766 3551 tanquam
783 3487 882 3530 tumus
896 3467 1044 3529 obsidium
1060 3467 1117 3529 im·
1187 3543 1189 3546 v
1208 3517 1209 3526 ,

118 3557 265 3622 minaret:
291 3553 433 3638 corruptis
462 3555 569 3618 totiens
601 3551 733 3630 victoriis,
762 3575 822 3616 non
853 3551 927 3616 falsh
960 3567 1116 3638 suspectos

117 3643 230 3708 bellum
246 3641 348 3704 malle.
394 3638 477 3713 Nihil
494 3640 578 3727 aequh
602 3641 754 3704 exercitus
775 3655 900 3716 nostros,
925 3639 1013 3724 quiam
1030 3661 1117 3724 eges-

117 3743 162 3794 tas
177 3729 343 3816 copiarum,
359 3725 510 3811 fatigabat.
557 3726 779 3813 lmpedimenta
794 3727 945 3810 legionum
968 3748 1039 3792 cum
1061 3727 1117 3792 im·
1198 3754 1199 3760 ¹
