2556 4446
153 437 219 500 250
489 435 531 500 C.
554 433 663 502 Corra.
685 434 813 500 Trctrt

151 599 301 678 Crassus;
324 600 367 662 sic
377 613 505 685 utroque
518 601 683 664 distinctior
691 614 723 662 et
733 599 873 662 urbanior
882 611 913 661 et
928 597 1011 661 altior
1023 595 1153 676 Cicero}

152 686 304 750 Cicerone
328 687 427 750 mitior
452 686 604 750 Corvinus
630 703 661 750 et
686 687 802 748 dulcior
824 701 854 748 et
881 686 910 747 in
934 686 1031 748 verbis
1057 683 1153 764 magis

153 773 335 838 elaboratus.
380 773 451 836 Nec
473 795 584 858 quero,
610 773 675 858 quis
702 773 933 836 disertissimus:
959 773 1017 834 hoc
1035 767 1153 834 interim

153 859 298 944 probisse
312 875 471 924 contentus
486 883 564 936 sum,
576 882 635 924 non
651 881 718 922 esse
727 879 820 921 unum
833 859 1013 942 eloquentie
1026 859 1153 934 vultum,

153 947 209 1010 sed
236 948 264 1010 in
287 945 343 1009 illis
367 968 500 1031 quoque,
515 967 598 1032 'quos
615 947 728 1010 vocatis
750 946 898 1029 antiquos,
914 945 1014 1028 plures
1036 945 1155 1026 speeies

154 1033 362 1116 deprehendi:
387 1055 444 1096 nec
459 1035 557 1112 statim
574 1034 705 1096 deterius
728 1053 806 1108 esse,
823 1033 902 1116 qnod
920 1031 1072 1094 diversum
1088 1046 1155 1110 est:

154 1121 229 1182 vitio
247 1135 348 1182 autem
373 1121 724 1202 malignitatish'umane
747 1133 849 1182 vetera
864 1139 984 1202 semper
1002 1119 1031 1180 in
1054 1119 1155 1193 laude,

153 1208 311 1290 presentia
326 1208 365 1269 in*
379 1207 497 1270 fastidio
514 1229 592 1270 esse.
638 1205 722 1270 Nom
740 1205 924 1281 dubitamus,
941 1206 1088 1279 inventos,
1104 1206 1156 1288 qui

154 1313 215 1377 pre
245 1291 366 1356 Catone
390 1295 528 1377 Appium
559 1293 683 1358 Caecum
710 1289 805 1374 magis
835 1293 1031 1354 mirarentur?
1057 1289 1156 1366 ¹Satin

152 1395 279 1455 constat,
296 1402 334 1442 ne
350 1379 491 1442 Ciceroni
509 1381 631 1464 quidem
653 1380 868 1444 obtrectatores
891 1378 1031 1453 defuisse,
1048 1378 1156 1462 quihus

153 1465 271 1527 indatus
287 1482 316 1528 et
333 1480 463 1542 tumens,
480 1487 536 1528 nec
552 1464 622 1528 satis
639 1487 768 1548 pressus,
784 1465 837 1528 sed
854 1466 1083 1548 supramodum
1100 1485 1156 1527 ex·

153 1551 253 1614 ultans
265 1565 296 1614 et
311 1550 500 1633 superfluens
515 1565 546 1614 et
567 1572 672 1634 parum
686 1553 805 1614 Atticus
820 1553 979 1614 rideretur.
1025 1551 1156 1634 Legtsus

153 1640 258 1723 utique
271 1653 302 1702 et
317 1637 406 1702 Calvi
422 1653 453 1702 et
468 1637 554 1702 Bruti
567 1639 604 1700 ad
614 1636 797 1701 Ciceronem
814 1639 919 1700 missas
931 1638 1090 1726 epistolas:
1114 1657 1156 1702 ex

155 1727 263 1810 quibus
286 1726 372 1792 facile
388 1741 434 1790 est
456 1725 697 1809 deprehendere,
714 1723 846 1788 Calvum
870 1725 992 1809 quidem
1012 1725 1155 1789 Ciceroni

156 1815 253 1876 visum
270 1835 456 1896 exsanguem
465 1827 497 1876 et
512 1813 657 1889 attritum,
669 1811 799 1874 Brutum
812 1827 913 1874 autem
924 1813 1051 1874 otiosum
1065 1826 1155 1895 atque

156 1898 359 1986 disjunctum:
383 1919 573 1985 rursumque,
596 1897 779 1962 Ciceronem
795 1919 813 1961 a
827 1899 923 1961 Calvo
938 1899 1061 1982 quidem
1076 1897 1155 1961 male

156 1989 316 2064 audivisse,
339 1987 634 2070 tanquam‘solutum
658 2001 689 2048 et
705 2007 867 2048 enervem:
891 2007 908 2047 a
931 1985 1027 2048 Bruto
1043 1999 1156 2060 autern,

156 2087 189 2134 ut
205 2075 297 2154 ipsius
312 2073 410 2143 verbis
426 2087 501 2148 utar,
513 2088 656 2156 tanquam
673 2071 799 2135 fractum
816 2088 905 2156 atque
921 2072 1087 2134 elumbem.
1122 2071 1154 2134 st

156 2179 207 2220 me
228 2160 402 2239 interroges,
423 2179 531 2220 omnes
554 2160 626 2220 mihi
643 2159 780 2220 videntur
796 2178 899 2221 verum
923 2159 1046 2220 dixisse.
1093 2158 1157 2222 Sed

155 2265 229 2306 mox
245 2244 283 2306 ad
302 2244 433 2328 singulos
450 2243 593 2324 veniam:
615 2265 695 2308 nunc
719 2246 792 2308 mihi
814 2267 884 2308 curn
903 2245 1048 2308 universis
1063 2265 1157 2328 nego·

155 2330 229 2394 tium
245 2329 315 2394 est,
1144 2349 1147 2356 ’

201 2416 298 2504 XlX.
321 2417 415 2496 Nam,
446 2417 593 2504 quatenus
623 2420 812 2504 antiquorum
843 2419 1039 2482 admiratores
1076 2419 1157 2482 hunc

157 2506 238 2569 uelut
254 2508 414 2570 terminum
431 2507 616 2592 antiquitatis
630 2508 814 2570 constituere
830 2507 939 2582 solent,
956 2527 1045 2590 quem
1062 2525 1158 2589 usqne

154 2592 194 2655 ad
225 2591 367 2656 Cassium
398 2593 548 2656 Severum
579 2593 701 2668 iaciunt,
728 2615 818 2676 quern
850 2593 978 2675 primurn
1009 2593 1158 2655 affirmant

154 2676 278 2741 flexisse
302 2681 339 2740 ab
362 2677 414 2740 illai
429 2694 533 2742 vetere
549 2695 640 2763 atque
663 2678 778 2740 directti
800 2679 919 2740 dicendi
938 2677 1006 2741 viia:
1030 2701 1090 2741 non
1112 2678 1159 2740 in·

154 2763 295 2826 firmitate
312 2763 433 2844 ingenii,
449 2785 508 2826 nec
522 2764 640 2828 inscitiit
655 2764 805 2826 literarum
827 2765 1012 2827 transtulisse
1027 2787 1060 2828 se
1075 2765 1111 2826 ad
1128 2765 1158 2827 id

153 2847 272 2910 dicendi
289 2869 385 2930 genus
406 2849 569 2927 contendo,
593 2851 646 2914 sed
665 2849 780 2936 judicio
803 2864 834 2913 et
857 2850 1024 2914 intellectu.
1073 2850 1158 2914 Vidit

153 2953 296 3018 namque,
313 2950 345 2997 ut
362 2934 530 3018 paulhante
543 2937 692 3014 dicebam,
703 2959 773 3000 com
785 2937 957 3000 conditione
973 2953 1156 3022 temporum,
1272 2999 1273 3014 ,

152 3039 190 3083 ac
205 3020 378 3085 diversitate
393 3024 521 3101 aurium,
538 3023 662 3088 sormam
673 3046 794 3108 quoque
812 3045 849 3086 ac
864 3025 999 3107 speciem
1015 3025 1157 3087 orationis
1250 3048 1252 3051 ¹

154 3127 222 3172 esse
238 3109 422 3173 mutandam.
469 3109 574 3173 Facile
592 3111 760 3192 perferebat
784 3112 864 3193 prior
887 3113 943 3173 iste
967 3112 1109 3194 populus,
1125 3125 1158 3174 ut
1274 3121 1275 3128 ’

153 3193 310 3279 imperitus
333 3211 363 3260 et
393 3195 483 3272 rudis,
514 3197 809 3278 impeditissimarum
839 3199 1007 3260 orationum
1038 3198 1155 3280 spatia:

153 3297 245 3367 atque
262 3284 290 3345 id
305 3283 403 3366 ipsum
420 3282 500 3344 laudi
516 3279 694 3358 dabatur,‘si
714 3283 845 3344 dicendo
860 3285 925 3366 quis
941 3285 1021 3347 diem
1038 3285 1158 3346 exime·

153 3383 209 3432 ret.
257 3369 318 3432 lsta
330 3367 402 3431 verd
411 3368 500 3450 longa
514 3368 724 3452 principiorum
740 3371 924 3452 praeparatio,
936 3385 967 3432 et
981 3370 1158 3434 narrationis

154 3455 213 3517 alth
230 3457 357 3540 repetita
379 3455 529 3530 series,et
545 3455 706 3517 multarum
729 3456 907 3517 divisionum
931 3457 1101 3531 ostentatio,
1126 3467 1158 3518 et

154 3541 237 3602 mille
254 3556 499 3622 argumentorum
524 3542 644 3622 gradus,
667 3557 701 3603 et
715 3541 856 3626 quicquid
881 3542 960 3603 aliud
984 3543 1159 3605 aridissimis

155 3621 352 3706 Hermagorae
368 3642 398 3688 et
409 3627 588 3709 Apollodori
604 3628 684 3689 libris
703 3629 883 3710 praecipitur,
897 3629 924 3690 in
942 3628 1056 3690 honore
1072 3641 1155 3692 etat:

155 3721 198 3782 et,
214 3709 237 3769 si
254 3713 331 3792 quis,
352 3711 495 3776 odoratus
522 3714 754 3796 philosophiam,
778 3735 817 3776 ex
841 3713 880 3776 eti
902 3715 1001 3776 locum
1025 3715 1160 3797 aliquem

155 3793 281 3854 orationi
297 3817 357 3856 suae
374 3797 527 3876 insereret,
551 3800 580 3860 in
596 3800 708 3862 coelum
731 3799 868 3860 laudibus
881 3799 1041 3862 serebatur.
1088 3799 1160 3863 Nec

154 3878 276 3942 mirum.
323 3878 417 3941 Erant
433 3884 512 3944 enim
537 3885 601 3948 hec
624 3906 702 3947 nova
721 3900 753 3946 et
776 3885 946 3965 incognita:
971 3900 1001 3949 et
1024 3885 1158 3970 ipsorum

155 3979 277 4050 quoque
293 3977 440 4024 oratorum
457 3969 629 4054 paucissimi
645 3984 796 4056 precepta
810 3971 976 4050 rhetorum,
992 3986 1043 4036 ant
1060 3971 1159 4059 phito-
