2560 4258
135 213 179 275 30
474 207 516 272 C.
538 206 648 274 Coun.
670 207 795 274 Tacrrr
940 207 1137 292 [A.U.822.

135 372 269 436 dentium
294 371 420 436 militum
445 371 570 450 clamor,
594 394 631 436 ea
647 374 732 458 quies
755 373 893 438 interrita
919 373 994 438 alitis
1011 374 1077 453 luit,
1103 388 1137 438 ut

135 459 215 524 haud
233 459 355 522 dubium
372 479 487 539 magnae
503 475 534 521 et
551 481 700 542 prospere
716 460 758 522 rei
774 481 864 524 omen
881 461 1079 543 acciperetur.

181 544 303 608 LXlll.
328 544 368 608 Et
385 543 537 608 Treveros
561 547 693 630 quidem,
720 561 752 608 ut
775 547 883 624 socios,
906 548 1002 610 securi
1026 546 1138 612 adiere.

137 631 285 696 Divoduri
313 631 626 710 (Mediomatrieorum
653 633 681 695 id
706 633 852 716 oppidum
879 632 939 716 est)
968 653 1140 717 quanquam

138 719 220 782 omni
235 717 377 780 comitate
393 734 538 801 exceptos
560 719 673 782 subitus
697 741 790 803 pavor
804 721 957 796 exterruit,
981 721 1071 803 raptis
1093 739 1141 782 re-

138 804 232 890 pente
248 805 336 866 armis
352 804 389 866 ad
404 805 517 866 caedem
542 805 669 870 innoxie
692 805 839 869 civitatis:
863 827 923 868 nou
947 805 988 868 ob
1011 805 1142 890 praedam

140 907 191 956 aut
206 891 351 975 spoliandi
367 891 518 974 cupidine,
533 891 585 954 sed
603 890 701 956 surore
716 907 747 956 et
761 893 843 956 rabie
858 892 995 956 etcaosis
1011 891 1144 968 incertis,

141 977 240 1062 adque
256 977 468 1040 difficilioribus
488 979 646 1055 remediis3
670 978 778 1056 donec,
801 979 938 1063 precibus
954 977 1050 1040 Ducis
1067 977 1144 1042 miti·

141 1065 214 1146 goti,
231 1065 269 1126 ab
281 1063 401 1126 excidio
416 1063 542 1126 civitatis
559 1065 787 1148 temperavere3
809 1087 887 1128 cesa
902 1079 1002 1126 tamen
1016 1063 1053 1126 ad
1070 1084 1144 1148 qua·

141 1166 209 1214 tuor
224 1150 316 1212 millia·
333 1150 499 1212 hominum.
545 1149 635 1234 Isque
659 1166 753 1214 terror
768 1151 882 1214 Gallias
902 1146 1075 1225 invasit,'ut
1091 1169 1145 1212 ve·

142 1237 234 1300 nieati
251 1257 323 1298 rnox
344 1237 453 1318 agmini
470 1236 615 1298 universa
630 1237 764 1304 civitates
786 1258 855 1300 cum
874 1235 1099 1317 Magistratihus
1114 1249 1146 1300 et

142 1323 281 1408 precibus
307 1340 509 1398 occurrerent,
534 1323 630 1388 stratis
657 1345 710 1408 per
733 1325 794 1386 vias
818 1323 916 1407 pueris
932 1321 1145 1405 soeminisque;

143 1429 270 1494 quaeqoe
286 1409 343 1471 alia
367 1409 555 1492 placamenta
581 1410 693 1474 hostilis
711 1410 770 1488 ire,
795 1431 854 1472 non
871 1407 992 1493 quidem
1009 1409 1038 1472 in
1054 1408 1146 1486 bello,

140 1497 195 1560 sed
212 1517 265 1580 pro
280 1515 366 1578 pace,
383 1496 592 1560 tendebantur.

187 1579 311 1646 LXIV.
335 1579 482 1645 Nuntium
507 1582 546 1644 de
569 1582 653 1646 cede
676 1581 782 1646 Galba
806 1596 835 1646 et
855 1580 987 1664 Imperio
1001 1579 1146 1658 Othonis,

142 1667 257 1736 Fabius
274 1665 389 1730 Valens
413 1669 441 1732 in
465 1668 585 1732 civitate
609 1667 782 1732 Leucorum
806 1668 932 1751 accepit.
978 1665 1047 1730 Nec
1071 1667 1148 1730 mili·

142 1770 206 1822 tum
223 1756 338 1818 animus
354 1755 383 1817 in
400 1755 541 1835 gaudium
558 1769 609 1818 aut
625 1754 812 1818 formidinem
836 1768 1009 1838 permotus:
1034 1754 1148 1818 bellurn

142 1843 297 1907 volvebat.
343 1840 439 1903 Gallis
454 1842 605 1905 cunctatio
621 1857 755 1918 exemto,
775 1855 806 1904 et
822 1843 850 1904 iu
867 1839 1022 1904 Othonem
1039 1861 1074 1903 ac
1091 1838 1148 1916 Vi·

142 1928 258 1994 tellium
281 1926 391 2009 odium,
408 1948 471 2009 par,
492 1949 533 1989 ex
551 1925 674 1990 Vitellio
700 1943 731 1990 et
757 1942 866 1990 metus.
912 1926 1057 1990 Proxima
1073 1925 1148 1990 Liu-

143 2034 256 2098 gonum
272 2011 376 2074 civitas
392 2028 466 2085 erat,
483 2011 541 2075 lida
557 2013 707 2096 partibus:
733 2012 861 2094 benigne
878 2013 1009 2097 excepti,
1025 2013 1148 2076 modes·

144 2099 186 2166 aa
200 2097 375 2174 certavere;
396 2098 448 2160 sed
466 2098 564 2160 brevis
580 2099 678 2162 letitia
695 2097 760 2175 suit,
774 2100 942 2162 cohortium
958 2099 1148 2183 intemperie,
1238 2097 1239 2124 l

145 2207 230 2272 quae,
252 2184 403 2266 alegione
420 2183 655 2268 quartidecimi,
679 2200 711 2248 ut
733 2184 822 2269 suprti
844 2186 1088 2264 memoravimus,
1104 2186 1149 2249 di·
1238 2239 1239 2248 ,

144 2282 272 2358 gressus,
296 2271 442 2334 exercitui
465 2291 520 2334 suo
541 2269 654 2334 Fabius
672 2270 785 2336 Valens
808 2271 998 2357 adjunxerat.
1043 2271 1149 2354 turgia
1238 2351 1239 2354 Ἴ

144 2358 274 2446 primbm
321 2379 393 2419 mox
416 2357 480 2420 rixa
504 2358 581 2420 inter
595 2357 730 2422 Batavos
750 2375 781 2422 et
796 2360 985 2440 legionarios,
1009 2359 1081 2422 dum
1103 2359 1148 2422 his
1238 2357 1239 2370 ¹

148 2462 198 2510 aut
214 2445 270 2507 illis
285 2445 382 2506 studia
406 2443 532 2506 militum
556 2461 763 2527 aggregantur,
785 2445 877 2531 prope
894 2446 923 2508 iu
946 2446 1078 2529 prelium
1094 2467 1153 2508 ex·
1238 2459 1239 2490 ὲ

146 2530 269 2607 arsere;
296 2530 325 2592 ni
343 2527 457 2594 Valens
482 2530 740 2596 animadversione
767 2553 930 2615 paucorum
957 2533 1064 2594 oblitos
1083 2531 1149 2616 jam
1238 2571 1239 2580 .

146 2617 282 2684 Batavos
309 2617 424 2700 imperii
455 2616 669 2682 admonuisset.
717 2617 842 2682 Frustra
870 2617 1013 2680 adversita
1030 2618 1149 2682 AEduos
1238 2627 1239 2642 ¹

147 2706 270 2792 quaesita
286 2704 355 2766 belli
370 2725 472 2766 causa.
513 2702 595 2768 tussi
611 2705 791 2789 ‘pecuniam
808 2721 897 2789 atque
913 2726 994 2767 arma
1010 2705 1151 2782 deterre?

147 2793 290 2876 gratuitos
305 2791 426 2874 insuper
440 2807 627 2854 commeatus
645 2790 820 2876 praebudre:
843 2791 922 2875 quod
939 2790 1033 2854 AEdui
1050 2792 1150 2856 sormi-

147 2879 229 2955 dine,
246 2877 467 2960 Lugdunenses
482 2879 592 2958 gaudio
608 2877 717 2940 secere.
764 2877 825 2940 Sed
843 2878 921 2959 legio
937 2877 1040 2942 Italica
1055 2894 1086 2942 et
1103 2879 1151 2944 ala

147 2964 281 3029 Taurino
309 2965 454 3028 abducre.
501 2963 667 3028 Cohortem
695 2965 968 3028 duodevicesimam
997 2963 1151 3046 Lugduni,

148 3053 242 3116 solitis
256 3052 310 3113 sibi
328 3051 478 3133 hybernis,
495 3052 620 3136 relinqui
639 3052 760 3134 placuit.
806 3049 939 3114 Manlius
950 3049 1072 3130 Valens,
1088 3049 1151 3114 Le·

149 3156 235 3223 gatus
252 3137 362 3201 Italica
379 3138 513 3215 legionis,
533 3160 702 3222 quanquam
720 3137 798 3200 bend
815 3139 853 3200 de
871 3138 1002 3221 partibus
1018 3138 1151 3215 meritus,

148 3227 232 3290 nullo
255 3225 333 3310 apud
352 3221 509 3286 Vitellium
538 3225 649 3286 honore
673 3224 743 3288 suit:
767 3224 891 3286 secretis
917 3245 987 3286 eum
1012 3225 1151 3286 crimina·

148 3314 277 3377 tionibus
294 3311 489 3374 infamaverat
507 3308 619 3373 Fabius
635 3312 782 3392 ignarum,
805 3325 844 3387 et,
862 3308 923 3395 qud
937 3310 1082 3374 incautior
1098 3311 1152 3374 de·

149 3401 309 3484 ciperetur,
327 3397 424 3480 palam
448 3397 613 3460 laudatum.

195 3483 301 3548 LXV.
325 3481 469 3546 Veterem
494 3485 570 3545 inter
586 3482 808 3566 Lugdunenses
826 3481 1076 3566 Viennensesque
1092 3483 1153 3546 dis·

149 3574 283 3638 cordiam
311 3571 481 3653 proximum
512 3570 624 3632 bellum
655 3571 858 3634 accenderat:
891 3570 991 3632 multe
1021 3570 1152 3634 invicem

150 3658 264 3733 clades,
280 3656 412 3720 erebribs
430 3656 635 3742 infestiusque,
657 3657 746 3742 quiam
765 3672 795 3720 ut
820 3655 934 3718 tantiam
952 3671 1073 3739 propter
1088 3654 1153 3718 Ne-

149 3765 256 3816 rouem
272 3742 463 3828 Galbamque
487 3759 679 3830 pugnaretur.
726 3743 767 3808 Et
785 3743 884 3808 Galba
899 3743 1012 3806 reditus
1027 3741 1154 3826 Lugdu-
