2514 4318
149 215 191 281 A.
208 209 249 281 C.
266 217 335 300 70.]
431 213 574 283 Hrsron.
599 216 674 282 Lm.
699 217 866 295 Qumrus.
1091 219 1153 286 189

82 374 88 385 '
146 381 333 448 Batavoduri
348 403 487 468 rumpere
511 382 683 448 inchoatum
709 397 833 469 pontem
853 380 1035 450 nitebantur.
1075 384 1152 450 Am·

147 470 272 552 biguum
290 470 422 554 praelium
439 491 500 534 nox
516 471 646 534 diremit.

192 555 285 620 XXl.
310 557 385 620 Plus
401 557 578 620 discriminis
596 557 675 642 apud
702 555 834 621 Grinnes
848 553 1036 644 Vadamque.
1088 557 1152 623 Va·

148 643 218 708 dam
234 643 353 721 Civilis,
370 642 501 707 Grinnes
516 643 680 722 Classicus,
692 645 927 729 oppugnabunt:
946 667 1009 709 -nec
1019 646 1082 710 sisti
1098 668 1153 731 po·

149 745 256 808 terant,
281 729 440 794 interfecto
463 729 622 796 fortissimo
638 751 777 816 quoque:
810 729 926 817 inquis
949 733 1152 816 Briganticus,

149 815 315 881 Praesecrus
338 817 403 894 alae,
429 817 601 896 ceciderat;
625 839 714 903 quem
731 818 824 881 fidum
841 818 988 882 Romanis
1003 835 1033 882 et
1049 819 1151 898 Civili,

149 903 309 981 avunculo,
325 903 473 968 insensum
497 904 640 968 diximus.
687 905 762 983 Sed,
785 905 836 969 ubi
860 903 989 970 Cerialis
1011 929 1083 972 cum
1098 906 1153 970 de·

149 989 229 1054 tecta
255 991 389 1076 equitum
414 1011 504 1054 mauu
534 991 684 1067 subvenit,
711 990 798 1054 versi
825 991 953 1070 fortuni,
985 994 1152 1077 precipites

149 1077 293 1140 Germani
305 1078 333 1141 in
350 1098 471 1142 amnem
483 1093 621 1160 aguntur.
668 1077 785 1156 Civilis,
800 1079 872 1142 dum
890 1077 1035 1162 fugientes
1052 1097 1153 1144 reten-

149 1178 202 1242 tat,
218 1165 336 1247 agnitus
352 1165 523 1251 petitusque
539 1165 618 1243 telis,
640 1166 746 1230 relicto
761 1187 851 1251 equo,
867 1168 1046 1230 tranatavit:
1070 1167 1151 1230 idem

150 1249 276 1314 Veracis
292 1251 448 1334 effugium.
492 1251 641 1316 Tutorem
659 1251 891 1338 Classicumque
907 1255 1037 1339 appulsae
1050 1255 1152 1320 lintres

149 1337 274 1402 vexere.
319 1337 370 1402 Ne
386 1354 450 1402 tum
466 1339 588 1424 quidem
605 1338 746 1402 Romana
761 1340 864 1403 classis
880 1361 986 1424 pugne
1003 1341 1097 1418 affuit,
1119 1355 1152 1405 ut

81 1447 85 1452 ·
144 1424 262 1512 jussum
278 1439 361 1490 erat:
392 1425 447 1489 sed
470 1426 583 1490 obstitit
600 1425 727 1489 sormido
750 1440 782 1490 et
804 1427 933 1512 remiges
950 1449 1004 1510 per
1025 1429 1081 1490 alia
1097 1428 1153 1490 mi·

145 1513 215 1576 litiae
231 1513 333 1576 munia
345 1511 483 1596 dispersi.
530 1511 610 1576 Sana
624 1511 752 1577 Cerialis
767 1533 872 1596 parum
889 1514 1031 1598 temporis
1043 1513 1079 1576 ad
1097 1533 1153 1575 ex·

148 1599 288 1684 equenda
303 1598 550 1682 imperia-dabat:
574 1599 688 1662 subitus
700 1599 839 1675 consiliis,
849 1599 901 1662 sed
915 1613 1025 1663 eventu
1042 1599 1151 1662 clarus.

149 1685 266 1748 Aderat
283 1684 410 1762 fortuna,
426 1685 516 1748 etiam
537 1685 588 1747 ubi
604 1701 683 1749 artes
699 1684 882 1748 defuissent:
906 1685 975 1750 hinc
991 1687 1047 1770 ipsi
1063 1707 1153 1750 exer·

148 1771 281 1856 cituique
297 1771 394 1834 minor
407 1792 479 1834 cura
494 1771 669 1855 discipline.
707 1771 750 1836 Et
761 1793 873 1857 paucos
890 1786 956 1856 post
971 1773 1046 1851 dies,
1058 1793 1153 1857 quan-

149 1879 237 1943 quam
252 1857 417 1940 periculum
433 1855 612 1941 captivitatis
625 1859 779 1936 evasisset,
795 1857 946 1922 infamiam
962 1881 1021 1922 non
1035 1860 1151 1923 vitavit.

193 1943 302 2008 XXll.
336 1943 495 2008 Profectus
526 1943 694 2008 Novesium
725 1945 927 2032 Bonnamque
957 1947 994 2010 ad
1028 1947 1152 2010 visenda

147 2045 255 2109 castra,
271 2053 336 2116 quae
360 2031 546 2114 hyematuris
561 2031 728 2115 legionibus
744 2033 944 2116 erigebantur,
960 2033 1084 2096 navibus
1104 2054 1153 2096 re-

147 2118 286 2182 meabat:
319 2116 443 2202 disjecto
463 2119 593 2200 agmine,
618 2119 771 2182 incuriosis
795 2119 911 2200 vigiliis
950 2119 1151 2182 Animadver-

146 2226 212 2269 sum
223 2205 252 2268 id
265 2202 445 2267 Germanis:
468 2220 499 2267 et
511 2203 631 2269 insidias
646 2203 855 2290 composndre.
894 2203 1003 2269 Electa
1013 2225 1075 2268 nox
1086 2219 1150 2268 atra

146 2291 288 2363 nubibus,
304 2305 335 2354 et
347 2311 442 2374 prono
461 2311 551 2354 amne
567 2292 654 2376 rapti,
671 2293 754 2355 nullo
771 2291 960 2376 probibente,
977 2291 1089 2354 vallum
1105 2292 1151 2354 in·
1253 2363 1256 2368 ,

147 2393 230 2440 eunt.
276 2377 380 2440 Prima
408 2376 508 2442 caedes
531 2393 597 2441 astu
624 2378 742 2464 adjuta:
773 2377 873 2441 incisis
888 2378 1150 2441 tabemaculornm

146 2463 276 2541 funibus,
292 2464 417 2528 suismet
433 2465 567 2528 tentoriis
582 2481 740 2550 coopertos
755 2461 955 2528 trucidabant.
989 2464 1081 2528 Aliud
1098 2485 1152 2548 ag÷

147 2550 366 2614 men.turbare
392 2549 538 2614 classem:
571 2551 693 2638 injicere
722 2551 840 2616 vincla:
873 2551 991 2614 trahere
1020 2571 1151 2636 puppes.

146 2635 250 2722 thue
263 2637 300 2698 ad
313 2635 477 2701 fallendum
489 2638 616 2715 silentio,
632 2639 683 2716 ita,
699 2637 804 2724 cosptri
818 2638 913 2718 caede,
930 2637 990 2722 quir
1007 2639 1074 2722 plus
1090 2653 1151 2701 ter·

146 2723 218 2786 roris
230 2721 387 2801 adderent,
399 2738 509 2788 cuncta
520 2725 699 2789 elamoribus
712 2725 888 2790 miscebant.
927 2724 1072 2802 Romami,
1085 2725 1151 2786 vul·

146 2809 266 2872 neribus
281 2810 383 2886 exciti,
408 2827 542 2896 quaerunt
558 2831 650 2886 arma,
667 2826 756 2875 ruunt
772 2831 827 2894 per
849 2811 922 2886 vias,
940 2811 1026 2894 pauci
1043 2825 1150 2872 ornatu

144 2895 274 2974 militari,
300 2897 434 2980 plerique
449 2897 563 2960 circum
579 2897 700 2959 brachia
715 2895 795 2958 tortis
811 2910 895 2958 veste
913 2911 944 2958 et
959 2897 1068 2958 strictis
1084 2917 1151 2957 mu·

145 2982 296 3046 omnibns.
342 2982 417 3045 Dux
434 2983 633 3044 semisomnus
649 3003 684 3044 ac
701 2980 796 3064 prope
819 2981 949 3043 intectus
965 3002 1064 3044 errore
1081 2981 1151 3043 hos·

143 3068 217 3132 tium
233 3083 379 3131 servatur.
425 3067 569 3152 Namque
586 3066 759 3130 Praetorium
784 3087 891 3130 navem
919 3067 1032 3130 vexillo
1058 3066 1150 3148 insig-

145 3175 228 3230 nem,
254 3154 314 3216 illic
331 3153 452 3216 Ducem
478 3154 545 3228 rati,
572 3153 732 3238 abripiunt.
778 3150 908 3216 Cerialis
931 3153 1000 3216 alibi
1026 3167 1149 3216 noctem

144 3253 258 3322 egerat,
274 3253 306 3302 ut
321 3239 456 3322 plerique
471 3238 638 3316 credidere,
655 3239 694 3301 ob
705 3252 840 3324 stuprum
856 3239 990 3302 Claudiae
1007 3237 1149 3322 Sacrate,

145 3324 277 3389 mulieris
302 3323 401 3387 Ubiae.
449 3323 566 3408 Vigiles
589 3323 735 3410 flagitium
761 3347 848 3388 suum
873 3323 971 3389 Ducis
997 3325 1148 3390 dedecore

145 3410 343 3486 excusabant,
364 3423 507 3495 tanquam
532 3409 622 3496 ‘jussi
638 3411 738 3488 silere,
757 3433 795 3476 ne
811 3412 943 3498 quietern
967 3411 1032 3498 ejus
1048 3412 1150 3476 turba-

145 3512 229 3562 rent:
253 3497 304 3572 ita,
321 3497 490 3560 intermisso
510 3497 597 3579 signo
612 3511 643 3560 et
666 3498 800 3575 vocibus,
823 3519 856 3562 se
879 3520 999 3584 qnoque
1015 3500 1044 3561 in
1067 3521 1149 3562 som·

145 3603 217 3647 num
233 3581 356 3666 lapsost'
401 3580 502 3646 Multa
522 3583 590 3646 luce
606 3584 718 3646 revecti
740 3584 851 3661 hostes,
866 3585 993 3668 captivis
1009 3586 1147 3663 novibus,

145 3669 318 3738 Pretorium
332 3669 481 3737 triremem
491 3669 614 3738 flumine
624 3668 868 3761 Luppiirdonum
877 3668 1003 3740 Velede
1013 3671 1146 3738 traxbre.
