2560 4258
168 283 212 346 321
474 283 515 349 C.
532 283 641 350 Coun.
657 281 781 348 Taurus
959 281 1011 367 [A.
1028 281 1070 346 U.
1087 283 1165 346 822.

170 445 353 530 parentibus,
380 444 462 510 soedt
488 447 625 532 pueritid,
648 445 802 531 impudicis
826 444 960 509 senectti.
1006 445 1171 509 Praesectu·

170 553 233 595 ram
251 534 372 614 vigilum
389 550 420 596 et
435 533 568 597 Pretorii
585 551 616 596 et
633 535 690 596 alie
707 535 826 616 praemia
843 535 983 595 virtutum
1000 534 1068 617 quia
1086 533 1169 595 velo·

169 617 234 682 ciris
249 635 312 680 erat
330 621 406 681 vitiis
421 621 559 703 adeptus,
571 620 777 682 crudelitatem
794 641 877 695 mox,
893 619 1002 681 deinde
1015 620 1169 682 avaritiam

171 719 203 768 et
218 705 311 766 virilia
334 707 447 768 scelera
471 708 618 783 exercuit,
640 719 782 789 corrupto
805 707 841 767 ad
868 727 958 768 omne
975 704 1088 768 lacinus
1104 703 1169 768 Ne·

170 812 265 866 rone3
289 792 423 875 quaedam
440 794 542 874 ignaro
558 814 657 869 ausus,
681 813 717 856 ac
741 791 892 876 postremi)
915 791 1050 876 ejusdem
1067 792 1170 854 deser·

170 891 218 940 tor
233 899 268 938 ac
286 878 426 958 proditor.
472 877 564 941 Unde
587 901 646 940 oon
663 879 753 940 alium
778 877 956 962 pertinaciirs
983 878 1019 940 ad
1046 899 1169 961 poenam

169 961 355 1045 flagitavere,
376 965 495 1026 diverso
517 965 638 1042 affectu,
662 966 769 1049 quibus
792 966 892 1026 odium
910 963 1039 1026 Neronis
1061 966 1168 1041 inerat,

171 1062 203 1112 et
227 1049 332 1132 quibus
359 1051 551 1113 desiderium.
591 1053 681 1135 Apud
708 1051 837 1113 Galbam
864 1050 906 1112 T.
925 1049 1005 1112 Vinii
1033 1051 1168 1134 potentiis

170 1133 322 1211 defensus,
348 1138 548 1218 praetexentis,
576 1144 742 1200 ‘servatam
768 1137 865 1199 abeo
888 1136 1010 1198 liliam?
1038 1151 1069 1198 et
1086 1137 1167 1200 haud

171 1221 262 1284 dubib
278 1238 460 1299 servaverat,
476 1245 534 1286 non
550 1223 723 1299 clementiis,
740 1223 852 1308 quippe
868 1237 911 1286 tot
928 1221 1101 1300 intersectis,
1113 1223 1168 1286 scd

171 1307 284 1387 effugio
299 1309 326 1369 in
345 1309 494 1372 loturum:
517 1310 586 1394 quia
602 1311 748 1393 pessimus
763 1311 898 1394 quisque,
914 1309 1080 1370 diffidentiai
1095 1331 1170 1393 prae·

170 1395 299 1456 sentium
316 1397 511 1458 mutationem
530 1417 642 1479 pavens
658 1395 801 1458 adversius
819 1397 970 1478 publicum
986 1395 1088 1457 odium
1108 1397 1168 1479 pri·
1256 1433 1257 1462 t

172 1493 271 1542 vatam
288 1483 411 1560 gratiam
430 1497 593 1566 praeparat;
617 1484 696 1544 node
720 1481 800 1544 nulla
816 1482 992 1544 innocentiae
1007 1503 1090 1558 cura,
1112 1482 1168 1544 sed

172 1566 253 1628 vices
270 1568 461 1648 impunitatis.
509 1568 558 1630 Εὸ
573 1567 713 1630 insensior
729 1569 868 1651 populus,
891 1567 994 1630 additia
1019 1569 1055 1629 ad
1082 1580 1168 1631 vetus

170 1649 313 1733 Tigellini
329 1655 430 1716 odium
447 1655 558 1716 recenti
574 1654 615 1717 T.
627 1653 708 1716 Vinii
725 1653 854 1716 invidiis
876 1675 1054 1716 concurrere
1070 1675 1087 1715 e
1104 1651 1169 1716 totis

170 1739 244 1802 urbe
260 1740 288 1800 io
308 1741 447 1822 palatium
465 1763 500 1803 ac
516 1739 588 1816 lora,
611 1757 651 1816 et,
673 1741 722 1803 ubi
745 1741 870 1823 plurima
888 1741 965 1822 volgi
982 1739 1113 1816 licentia,
1136 1741 1168 1802 iu

169 1825 283 1888 circum
300 1847 335 1886 ac
351 1827 467 1888 theatra
482 1827 578 1902 effusi,
599 1827 746 1890 seditiosis
763 1827 884 1888 vocibus
900 1828 1092 1909 obstrepere:
1114 1825 1170 1888 do-

170 1931 229 1974 nec
244 1909 423 1989 Tigellinus,
446 1927 574 1994 accepto
588 1913 668 1996 apud
696 1912 891 1974 Sinuessanas
907 1933 998 1995 aquas
1021 1931 1169 1994 supremae

170 1997 356 2058 necessitatis
372 1999 486 2074 nuntio,
509 1998 585 2060 inter
604 2013 706 2080 stupra
721 1999 954 2058 concubinarum
971 2011 1001 2058 et
1017 1997 1119 2058 oscula
1134 2011 1167 2060 et

170 2081 320 2144 deformes
337 2105 444 2160 moras,
466 2084 555 2146 sectis
578 2081 727 2144 novaculis
749 2081 893 2158 saucibus,
916 2079 1059 2143 infamem
1075 2083 1168 2146 vitam

171 2165 295 2231 toedavit
311 2170 400 2232 etiam
417 2171 499 2232 exitu
516 2191 582 2231 sero
599 2183 629 2230 et
648 2169 817 2230 inhonesto.

215 2252 369 2317 LXXlll.
394 2257 455 2319 Per
472 2257 552 2318 idem
569 2271 688 2337 tempus
711 2253 901 2336 expostulata
924 2253 960 2317 ad
984 2255 1166 2338 supplicium

172 2339 281 2402 Galvia
297 2343 466 2426 Crispinilla
482 2343 568 2404 variis
584 2341 826 2418 frustrationibus,
843 2358 874 2404 et
889 2340 1016 2404 adversa
1031 2341 1170 2404 dissimu-

172 2426 259 2490 lantis
277 2427 423 2512 Principis
441 2427 529 2504 lamb,
544 2427 676 2511 periculo
692 2443 814 2490 exemto
830 2444 894 2491 est:
919 2429 1056 2508 magistra
1073 2427 1171 2490 libidi-

172 2535 244 2576 num
262 2514 402 2592 Neronis,
426 2531 606 2597 transgressa
630 2516 658 2577 in
676 2515 820 2591 Africam,
847 2537 884 2576 au
911 2515 1111 2595 instigandum
1138 2513 1171 2576 iu

172 2621 254 2663 arura
270 2601 412 2664 Clodium
429 2601 578 2677 Macrum,
595 2601 703 2664 samem
730 2602 842 2684 populo
861 2600 1002 2662 Romano
1020 2599 1098 2661 baud
1114 2595 1170 2660 ob·

171 2686 259 2750 scuris
275 2688 387 2763 molita,
413 2689 501 2752 totius
529 2703 632 2772 postea
648 2689 775 2751 civitatis
790 2688 913 2768 gratiam
930 2687 1067 2759 obtinuit,
1083 2683 1171 2748 Con·

172 2773 260 2835 solari
295 2775 482 2838 matrimonio
512 2776 651 2851 subnixa,
678 2789 708 2837 et
734 2774 813 2857 apud
838 2773 978 2849 Galbam,
1001 2771 1171 2848 Othonem,

173 2856 329 2922 Vitellium
345 2862 454 2925 illaesa:
477 2884 549 2925 mox
566 2876 672 2945 potens
690 2859 818 2944 pecuniis
833 2874 863 2922 et
879 2860 1015 2933 orbitate,
1032 2879 1097 2941 quae
1113 2856 1169 2920 bo-

171 2944 217 3008 nis
232 2948 376 3028 malisque
393 2950 576 3030 temporibus
587 2947 676 3029 juxta
692 2948 803 3009 valent.

215 3029 365 3094 LXXlV.
392 3034 514 3118 Crebrae
538 3035 666 3109 interim,
691 3049 723 3096 et
746 3033 936 3096 muliebribus
959 3028 1173 3093 blandimentis

172 3116 300 3195 inlecta,
317 3121 354 3182 ab
370 3121 494 3184 Othone
512 3121 549 3184 ad
565 3119 720 3183 Vitellium
738 3120 880 3203 epistolae,
905 3117 1073 3180 offerebant
1099 3123 1173 3198 ‘pe-

171 3203 290 3268 cuniam
306 3221 336 3269 et
352 3210 475 3288 gratiam
491 3221 522 3271 et
546 3227 767 3292 quemcumque
784 3205 890 3290 quietis
914 3206 1012 3266 locum
1039 3201 1170 3286 prodigae

171 3291 398 3373 vitaelegisset.'
444 3294 533 3358 Paria
547 3293 687 3355 Vitellius
710 3291 890 3366 ostentabat,
919 3289 1015 3372 primo
1038 3287 1169 3364 mollitis,
1256 3335 1257 3342 .

171 3377 263 3440 stultit
278 3380 426 3466 utrimque
442 3394 472 3442 et
487 3379 630 3442 indecorb
644 3379 852 3440 simulatione:
876 3399 959 3453 mox,
972 3376 1054 3461 quasi
1071 3374 1174 3436 rixan-

169 3477 228 3540 tes,
250 3481 352 3548 stupra
375 3483 406 3529 et
431 3467 542 3549 flagitia
556 3466 684 3528 invicem
708 3463 921 3548 objectavdre3
952 3477 1058 3524 neuter
1081 3458 1169 3522 salso.

171 3548 268 3627 Otho,
280 3553 438 3629 revocatis,
451 3575 525 3638 quos
541 3551 639 3614 Galba
655 3552 785 3626 miserat,
801 3551 917 3632 legatis,
928 3569 1026 3610 rursus
1042 3547 1115 3608 alios
1131 3547 1172 3610 ad

170 3651 331 3723 utrumque
347 3639 561 3702 Germanicum
583 3638 748 3700 exercitum
765 3651 795 3698 et
811 3637 848 3698 ad
865 3636 1014 3716 legionem
1032 3632 1172 3696 Italicam

171 3744 293 3809 easque,
307 3749 371 3808 quae
388 3726 529 3808 Lugduni
545 3724 806 3807 agebant,copias,
819 3725 920 3804 specie
933 3718 1062 3783 Senatds
1079 3718 1170 3782 misit.

171 3809 281 3895 Legati
297 3813 377 3898 apud
392 3813 549 3878 Vitellium
565 3809 747 3889 remansere,
771 3807 926 3895 promtiirs,
951 3806 1042 3892 quam
1066 3819 1098 3869 ut
1122 3825 1172 3869 re-
