2508 4254
155 184 198 248 96
492 179 534 247 0.
557 180 663 248 Corin.
687 179 812 246 Ticini
949 179 1005 264 [A.
1022 176 1064 244 U.
1081 179 1161 244 892.

154 347 227 416 tium
245 345 444 430 poscebatur:
467 347 686 432 ‘propinquum
702 345 827 423 Vitellii,
853 345 1034 430 proditorem
1058 345 1159 410 Otho·

155 434 211 510 nis,
234 434 466 516 interceptorem
483 434 624 498 donatiri’
647 433 852 496 clamitabant.
898 432 968 496 Nec
991 432 1158 498 defensioni

155 519 251 596 locus,
261 541 430 604 quanquam
442 521 595 604 supplices
607 541 713 582 manus
725 520 871 596 tenderet,
884 519 966 582 humi
980 519 1159 605 plerumque

155 621 273 683 stratus,
289 605 390 668 lacerti
405 622 499 683 veste,
513 622 618 690 pectus
633 621 723 691 atque
738 628 790 669 ora
801 607 931 690 singultu
948 606 1102 690 quatiens:
1126 606 1158 670 id

155 693 254 775 ipsum
281 692 360 776 apud
376 690 507 755 infensos
534 693 757 756 incitamentum
784 707 859 769 erat,
882 712 1024 777 tanquam
1047 693 1159 758 nimios

158 800 251 860 pavor
265 779 478 842 conscientiam
494 793 642 861 argueret.
689 777 915 844 Obturbabatur
930 781 1056 843 militum
1074 781 1159 844 voci·

155 865 211 928 bus
227 864 377 949 Aponius,
399 864 470 928 cirm
485 865 567 950 loqui
581 879 750 949 coaptaret:
776 865 896 929 fremitu
912 882 943 930 et
957 867 1090 930 clamore
1105 889 1159 932 ce·

154 967 235 1014 teros
264 966 477 1035 aspernantur:
512 952 563 1014 uni
591 953 722 1016 Antonio
751 967 860 1036 aperte
891 953 1018 1016 militum
1049 975 1159 1018 aures:

155 1059 285 1122 namque
312 1053 342 1102 et
366 1037 503 1102 facundia
519 1038 632 1116 aderet,
649 1039 862 1124 mulcendique
886 1040 1008 1122 vulgum
1024 1055 1103 1104 artes
1126 1056 1159 1104 et

155 1125 325 1188 auctoritas.
370 1124 433 1188 Ubi
447 1125 627 1188 crudescere
642 1126 760 1203 seditio,
782 1141 813 1189 et
833 1127 1009 1190 aconviciis
1031 1141 1063 1190 et
1087 1149 1159 1211 pro·

155 1211 215 1274 bris
231 1211 268 1274 ad
285 1211 345 1274 tela
368 1226 399 1274 et
422 1233 527 1274 manus
542 1213 716 1291 transibant,
732 1212 831 1296 ‘injici
847 1213 980 1278 catenas'
1008 1212 1159 1278 Flaviano

150 1297 249 1383 jubet.
295 1297 396 1361 Sensit
420 1298 581 1362 ludibrium
607 1299 705 1376 miles,
732 1300 934 1385 disjectisque‚
958 1301 1008 1384 qui
1031 1301 1159 1364 tribunal

155 1386 325 1462 tuebantur,
351 1386 548 1449 extremavis
565 1384 734 1469 parabatur.
779 1385 931 1470 Opposuit
946 1387 1043 1450 sinum
1059 1387 1159 1452 Anto-
1237 1409 1238 1414 ¹

155 1472 232 1550 niue,
247 1472 351 1536 stricto
367 1471 455 1550 ferro,
472 1479 542 1536 ‘aut
557 1473 684 1536 militum
700 1495 734 1536 se
749 1475 896 1549 manibus,
915 1487 966 1536 aut
981 1474 1052 1551 suis,
1066 1474 1158 1538 mori-

155 1559 266 1622 turum'
281 1560 452 1624 obtestans:
475 1573 508 1622 ut
524 1581 675 1644 quemque
687 1573 791 1622 notum
808 1575 838 1623 et
853 1561 953 1644 aliquo
969 1561 1086 1624 militari
1102 1561 1158 1624 de·
1237 1581 1238 1584 ’

155 1667 225 1710 core
242 1647 387 1730 insignem
403 1663 574 1730 aspexerat,
593 1647 631 1710 ad
648 1645 908 1728 ferendam'opem
924 1648 1044 1710 nomine
1060 1647 1156 1711 ciens.

157 1731 236 1796 Mox
258 1755 422 1798 conversus
438 1733 475 1796 ad
491 1733 585 1815 signa,
609 1747 639 1796 et
656 1733 799 1796 bellorum
824 1733 920 1810 Deos,
937 1734 1084 1798 ‘hostiurn
1102 1755 1157 1818 po·

155 1819 214 1883 titis
230 1821 411 1884 exercitibus
427 1819 510 1882 illum
527 1821 667 1896 furorem,
685 1820 765 1882 illam
783 1820 960 1884 discordiam
976 1819 1156 1906 injicerent,'

155 1906 277 1970 orabat:
300 1907 397 1968 donec
413 1905 563 1970 fatisceret
577 1907 694 1983 seditio,
718 1922 760 1983 et,
783 1906 998 1992 extremojam
1014 1907 1076 1985 die,
1103 1929 1158 1970 sua

178 1992 283 2077 uisque
306 1993 334 2054 in
356 1993 483 2055 tentoria
498 1994 712 2058 dilaberentur.
759 1992 917 2059 Profectus
933 1993 1042 2058 eddam
1069 2009 1157 2058 nocte

156 2014 331 2155 Plavianus,
347 2079 442 2142 obviis
453 2077 631 2164 Vespasiani
647 2080 750 2157 literis,
766 2080 927 2144 discrimini
943 2094 1085 2144 exemtus
1100 2097 1156 2144 est.

95 2205 98 2213 ·
200 2163 260 2228 Xl.
285 2163 447 2248 Legiones,
460 2166 551 2230 veluti
563 2166 631 2230 tabe
644 2165 771 2244 infecte,
785 2166 937 2250 Aponium
951 2166 1157 2243 Saturninum,

154 2249 278 2316 Moesici
294 2253 444 2316 exercitiis
461 2251 622 2336 Legatum,
638 2251 677 2316 ed
692 2253 820 2316 atrociits
836 2254 1056 2336 aggrediuntur,
1076 2253 1158 2339 qudd

156 2361 227 2416 nnn,
243 2355 275 2402 ut
291 2338 381 2421 priris,
398 2339 499 2402 labore
516 2355 547 2402 et
561 2361 654 2424 opere
671 2339 765 2416 fessae,
780 2339 833 2403 sed
847 2341 948 2402 medio
963 2341 1022 2404 diei
1036 2361 1159 2404 exarse-

156 2439 239 2490 rant:
266 2425 391 2506 vulgatis
407 2425 550 2509 epistolis,
567 2447 641 2510 quas
653 2425 831 2490 Saturninus
846 2427 884 2490 ad
899 2425 1053 2491 Vitellium
1065 2427 1160 2512 scrip·

156 2513 230 2577 sisse
245 2513 434 2576 credebatur.
480 2510 524 2576 Ut
538 2513 609 2576 olim
631 2513 746 2577 virtutis
762 2513 987 2598 modestiaque,
1002 2528 1073 2578 tunc
1089 2535 1159 2597 pro·

156 2599 292 2663 cecitatis
307 2612 338 2660 et
362 2598 542 2681 petulantie,
565 2614 718 2664 certarnen
735 2614 808 2676 erat,
831 2622 869 2662 ne
893 2600 989 2664 minias
1012 2600 1159 2664 violenter

154 2686 319 2770 Aponium,
347 2685 435 2770 quaim
458 2683 650 2762 Flavianum,
671 2687 707 2748 ad
731 2687 910 2771 supplicium
932 2687 1156 2770 desposcerent.

156 2773 281 2857 Quippe
297 2772 433 2836 Moesicae
448 2771 591 2855 legiones,
608 2771 791 2857 ‘adjutarna
807 2795 839 2837 se
855 2773 1097 2836 Pannonicorum
1115 2773 1158 2836 ul·

156 2859 291 2936 tionem,'
308 2858 484 2937 referentes,
509 2876 539 2924 et
555 2858 732 2938 Pannonici,
749 2860 830 2924 velut
845 2861 1070 2926 absolverentur
1086 2859 1159 2924 alio·

156 2969 223 3010 rum
250 2947 406 3022 seditione,
433 2947 539 3010 iterare
563 2947 684 3030 culpam
711 2947 893 3030 gaudebant.
939 2947 972 3010 ln
991 2949 1101 3023 hortoS,
1128 2947 1157 3010 in

157 3035 264 3122 quibus
280 3033 490 3097 devertebatur
513 3032 701 3111 Saturninus,
726 3049 864 3118 pergunt,
888 3055 945 3098 nec
959 3050 1019 3096 tam
1037 3033 1158 3096 Primus

156 3139 185 3186 et
204 3123 378 3206 Aponianus
393 3135 424 3184 et
440 3119 593 3197 Messalla,
617 3141 787 3204 quanquam
803 3121 884 3184 omni
901 3121 992 3184 modu
1012 3120 1078 3196 nisi,
1100 3121 1159 3184 eri·

156 3208 250 3295 pudre
267 3207 469 3282 Saturninum,
486 3206 575 3290 quiam
591 3207 755 3271 obscuritas
771 3208 961 3284 latebramm,
985 3207 1093 3292 quibus
1106 3228 1159 3272 oc·

155 3295 323 3368 colebatur,
346 3295 514 3356 vacantium
541 3291 617 3356 forte
641 3295 812 3356 balnearum
829 3293 998 3358 fornacibus
1020 3294 1156 3359 abditus:

156 3403 241 3456 mox,
271 3380 387 3442 omissis
418 3379 581 3456 lictoribus,
608 3379 767 3444 Patavium
798 3382 958 3446 concessit.
1010 3381 1157 3464 Digressu

107 3475 109 3480 ⁴
157 3467 369 3532 Consularium
387 3466 435 3528 uni
454 3467 585 3529 Antonio
600 3467 643 3530 vis
659 3489 694 3530 ac
710 3483 840 3551 potestas
853 3469 880 3530 in
897 3486 1056 3553 utrumqne
1069 3489 1157 3530 exer-

156 3557 248 3620 citum
266 3552 328 3628 fuit,
345 3552 523 3616 cedentibus
544 3554 678 3636 collegis,
696 3569 725 3617 et
740 3555 873 3618 obversis
891 3556 1016 3618 militum
1033 3554 1155 3618 studiis:

157 3664 214 3706 nec
230 3642 363 3715 deerant,
376 3639 425 3724 qui
437 3640 604 3717 crederent,
617 3657 772 3724 utramque
784 3642 960 3708 seditionem
977 3641 1079 3706 fraude
1093 3641 1158 3704 An-

158 3729 230 3794 tonii
245 3743 389 3812 creptam,
401 3742 433 3792 ut
448 3727 529 3792 solus
545 3727 624 3790 bello
640 3725 796 3792 frueretur.
