2516 4250
58 279 133 380 [Α.
152 279 192 344 C.
209 281 278 362 69.]
372 276 828 344 laureshamensem.
1047 277 1090 339 47

86 445 235 530 precibus
250 459 280 506 et
297 444 365 528 igne
383 465 458 526 puro
473 443 575 507 altaria
591 443 760 518 adolentur,
776 461 833 505 nec
853 441 920 504 ullis
936 441 1089 519 imbribus,

88 552 265 616 quanquam
291 531 318 591 in
333 545 458 633 Aaperto,
482 530 668 591 madescunt.
715 529 916 592 Simulacrum
932 527 1009 589 Dee
1032 549 1091 590 nun

15 613 16 616 ¹
84 619 195 699 effigie
219 614 367 678 bumana·
404 616 563 678 continuus
583 617 661 676 orbis
684 615 817 676 latiore
810 615 893 676 mitio
917 629 1038 675 tenuem
1062 614 1091 676 in

89 705 254 777 ambitum,
272 719 356 764 meta
374 702 476 776 modo,
493 723 673 781 exsurgens
698 717 728 762 et
744 700 817 762 ratio
833 701 861 761 in
877 700 1015 762 obscuro.

139 787 200 850 lV.
223 788 314 850 Titus
326 785 463 869 spectata
484 786 637 869 opulentia
653 787 798 869 donisque
816 786 950 884 Regum,
966 805 1092 869 quaeque

90 875 152 938 alia
169 875 266 936 laetum
284 874 503 971 antiquitatibus
519 873 692 934 Graecorum
709 894 805 953 genus
820 872 937 934 incertae
955 871 1092 934 vetustati

90 960 221 1037 affingit,
245 961 304 1020 ‘de
335 958 533 1040 navigatione'
567 958 693 1040 primitm
724 958 880 1020 consuluit.
927 957 1093 1041 Postquam

92 1046 251 1124 ‘pandi
226 1067 302 1107 viam
326 1061 356 1108 et
372 1067 453 1108 mare
470 1045 657 1128 prosperum’
673 1046 801 1127 accepit,
818 1045 856 1105 de
872 1065 904 1106 se
921 1065 974 1126 per
990 1045 1093 1106 amba·

89 1153 151 1214 ges
163 1133 334 1212 interrogat,
350 1132 432 1193 cesis
443 1130 646 1212 compluribus
656 1131 769 1192 hostiis.
803 1130 955 1192 Sostratus
969 1130 1094 1215 (Sacer-

93 1218 176 1282 dotis
192 1218 219 1278 id
237 1239 345 1279 nornen
363 1216 441 1300 erat)
459 1217 509 1278 ubi
525 1218 590 1278 laeta
608 1232 638 1278 et
657 1218 852 1297 congruentia
868 1232 949 1292 eata,
966 1217 1094 1298 magnis·

92 1325 157 1388 que
180 1304 321 1366 consultis
344 1324 475 1364 annuere
496 1301 607 1378 Deam,
625 1303 717 1378 videt,
743 1323 835 1385 pauca
860 1303 888 1364 in
912 1323 1041 1401 praesens
1064 1317 1094 1365 et

93 1391 185 1453 solita
212 1389 409 1471 respondens,
444 1388 538 1470 petito
560 1404 688 1465 secreto,
719 1388 815 1451 sutura
834 1389 957 1487 Uaperit.
996 1387 1095 1464 Titus,

96 1491 188 1540 aucto
205 1477 314 1573 animo,
331 1476 367 1536 ad
385 1490 498 1557 patrem
517 1490 688 1557 pervectus,
704 1476 857 1556 suspensis
876 1475 1094 1574 provinciarum

95 1577 129 1624 et
159 1562 349 1623 exercituum
377 1560 574 1634 mentibus,
566 1581 671 1640 mgens
701 1581 800 1622 rerum
823 1561 932 1622 fiducia
957 1563 1093 1624 accessit.

97 1647 318 1726 Profligaverat
334 1647 443 1708 bellum
456 1645 617 1708 Judarcum
626 1644 850 1726 Vespasianus,
873 1647 1095 1727 oppugnatione

99 1731 381 1814 Hierosolymorum
393 1731 516 1814 reliqua,
533 1732 608 1793 duro
624 1728 717 1810 magis
729 1746 759 1791 et
772 1730 864 1792 arduo
879 1752 982 1812 opere,
998 1731 1059 1792 ob
1053 1754 1097 1792 rn-

100 1819 222 1900 geninm
236 1819 344 1880 montis
360 1832 389 1878 et
404 1817 601 1897 pervicaciam
618 1817 843 1897 superstitionis,
855 1815 943 1898 qulam
957 1815 1097 1899 qubsatis

100 1905 206 1966 virium
216 1903 345 1964 obsessis
361 1903 397 1964 ad
409 1902 577 1964 tolerandas
587 1903 780 1964 necessitates
789 1918 971 1984 superesset.
1005 1902 1096 1981 Tres,

103 2005 133 2052 ut
149 1989 240 2072 supra
256 1989 499 2064 memoravimus,
515 1988 569 2068 ipsi
581 1986 767 2070 Vespasiano
783 1989 916 2068 legiones
932 2005 1027 2064 erant,
1043 2011 1098 2052 ex·

101 2078 199 2138 ercitae
231 2076 332 2137 bello:
355 2088 482 2157 quatuor
504 2073 665 2136 Mucianus
688 2075 842 2138 obtinebat
866 2075 894 2136 in
927 2097 1020 2157 pace;
1043 2077 1097 2139 sed

103 2163 252 2226 emulatio
275 2175 305 2222 et
327 2161 454 2242 proximi
476 2160 624 2224 exercitiis
648 2162 739 2240 gloria
755 2161 906 2244 repulerat
921 2163 1097 2242 segnitiam:

103 2264 307 2346 quantumque
332 2247 387 2308 illis
413 2247 525 2308 roboris
552 2247 721 2308 discrimina
746 2262 776 2309 et
798 2247 891 2323 labor,
914 2263 1028 2309 tanturn
1053 2249 1098 2310 his

104 2334 212 2414 vigoris
233 2333 416 2394 addiderat'
410 2347 524 2412 integra
548 2333 631 2415 quies
655 2349 685 2394 et
708 2333 883 2416 inexpertus
902 2333 972 2394 belli
996 2334 1096 2396 labor:

105 2419 215 2482 auxilia
232 2421 347 2501 utrique
363 2419 530 2480 cohortium
547 2419 733 2502 alarumque,
749 2435 779 2481 et
794 2418 906 2481 classes
922 2418 1098 2504 Regesque,

28 2527 30 2532 ’
106 2526 141 2568 ac
156 2523 265 2564 nomen
283 2505 390 2586 dispari
408 2502 487 2567 sarna
501 2503 633 2566 celebre.

149 2585 188 2649 V.
214 2587 425 2671 Vespasianus,
456 2611 526 2652 acer
555 2591 675 2664 militiae,
706 2590 819 2653 anteire
849 2611 968 2671 agmen,
998 2591 1099 2654 locum

106 2676 206 2738 castris
226 2696 347 2757 capere,
369 2691 459 2738 noctu
480 2677 592 2758 diuque
614 2676 749 2751 consilio,
765 2697 810 2752 ac,
834 2677 857 2738 si
881 2698 928 2738 res
952 2694 1099 2759 posceret,

107 2783 194 2826 manu
212 2761 345 2822 hostibus
361 2762 473 2823 obniti:
497 2763 565 2824 cibo
581 2761 711 2836 sortuito,
728 2777 812 2824 veste
829 2763 1035 2846 habituque
1009 2785 1060 2826 vix
1083 2785 1101 2826 a

104 2847 241 2926 gregario
257 2846 349 2908 milite
366 2847 556 2926 discrepans:
583 2869 712 2930 prorsus,
725 2849 748 2910 si
764 2848 887 2910 avaritia
902 2849 1031 2925 abesset,
1048 2871 1101 2912 an·

108 2933 193 3016 tiquis
206 2931 344 2994 Ducibus
357 2955 419 3015 par.
466 2932 640 2996 lllucianum
654 2934 828 2995 econtrario
841 2935 1059 3014 magnificentia
1071 2952 1102 2999 et

108 3040 180 3118 opes
203 3034 233 3080 et
247 3033 356 3080 cuncta
379 3019 523 3098 privatum
547 3021 670 3082 modurn
686 3039 878 3100 supergressa
895 3021 1099 3083 extollebant:

110 3105 201 3188 aptior
212 3105 354 3178 sermoni,
365 3104 507 3185 dispositu
525 3107 704 3188 provisuque
716 3105 847 3166 civilium
861 3126 959 3167 rerum
972 3107 1101 3187 peritus3

110 3191 259 3288 egregium
277 3187 466 3271 Principattis
478 3205 760 3272 temperamentum,
772 3191 806 3266 si,
823 3191 932 3254 demtis
949 3193 1101 3275 utriusque

111 3277 192 3349 vitiis,
211 3276 279 3337 solae
296 3275 417 3338 virtutes
440 3275 646 3340 miscerentur.
692 3275 838 3339 Cetertim
862 3277 909 3338 hic
926 3277 1031 3359 Syriae,
1055 3280 1102 3342 ille

110 3360 219 3423 Judaeae
236 3363 418 3444 prepositus,
435 3362 537 3423 vicinis
553 3363 770 3444 provinciarum
794 3362 1102 3443 administrationibus,

113 3445 217 3509 invidie
240 3447 404 3521 discordes,
429 3447 510 3508 exitu
535 3447 656 3509 demum
682 3448 822 3547 Neronis,
846 3449 946 3531 positis
968 3450 1080 3525 odiis,
1073 3475 1102 3520 in

112 3531 241 3595 medium
257 3531 457 3595 consuluere:
481 3532 607 3616 primbm
632 3555 685 3616 per
708 3535 842 3612 amicos;
866 3535 934 3596 dein
955 3538 1104 3619 praecipua

114 3617 276 3682 concordiae
294 3619 368 3682 fides
383 3617 481 3694 Titus,
506 3639 595 3702 prava
618 3620 782 3682 certamina
804 3620 957 3682 communi
982 3623 1103 3686 utilitate

115 3705 293 3767 aboleverat.
318 3703 423 3767 natura
438 3722 526 3788 atque
549 3720 612 3768 arte
632 3706 815 3789 compositus
837 3705 999 3770 alliciendis
1014 3709 1103 3772 etiam

115 3788 243 3856 Muciani
259 3792 401 3856 moribus.
447 3789 574 3856 Tribuni
589 3791 848 3876 Centurionesque
864 3808 894 3856 et
909 3793 1014 3876 vulgus
1029 3795 1105 3858 mili·
