2484 4316
133 207 195 270 170
468 203 510 270 C.
533 203 640 270 Gonu.
663 203 788 271 Trcrnr
921 204 978 292 [A.
995 207 1043 273 Ut
1055 209 1136 274 823.
1226 195 1227 262 l

124 369 242 456 palatur
254 389 272 468 z·
286 365 408 453 quidam
423 367 612 454 Principum,
623 385 657 434 ut
669 369 754 454 primi
768 369 903 453 posuisse
918 371 1032 436 bellum
1045 372 1134 436 vide-

128 471 240 531 rentur,
265 477 295 518 ιιι
310 456 458 533 civitates,
474 477 540 540 que
562 457 737 520 societatem
761 457 933 520 Romanam
953 481 1011 520 non
1036 479 1135 522 exue·
1226 509 1227 512 ι

127 559 203 620 rent,
220 539 423 626 perfugerant.
470 541 623 624 Legiones
638 563 656 606 a
671 542 807 606 Novesio
819 542 989 628 Bounrique
1005 545 1033 606 in
1051 544 1135 607 Tre·

127 636 227 706 teres,
251 642 283 690 ut
298 627 388 712 supra
402 629 646 705 memoravimus,
669 630 822 706 traductae,
849 651 882 692 se
898 631 969 713 ipsae
991 631 1021 692 in
1038 630 1135 693 verba

126 714 307 798 Vespasiani
333 714 468 796 adigunt.
514 713 589 778 Haec
611 713 775 778 Valentino
795 716 920 779 absente
943 730 1049 798 gesta:
1080 717 1135 800 qui

128 802 179 866 ubi
195 800 376 863 adventabat
392 801 502 878 furens,
525 816 695 886 cunctaque
711 823 812 864 rursus
837 801 866 864 in
890 803 991 864 turbas
1017 817 1049 866 et
1064 803 1134 865 exi·

126 889 201 952 tium
224 907 433 963 conversurus,
449 887 583 968 legiones
599 888 628 950 in
645 887 900 965 Mediomatricos,
924 889 1035 952 sociam
1057 889 1134 951 civi-

127 989 233 1050 tatem,
250 972 435 1036 abscessere.
475 971 654 1036 Valentinus
670 995 706 1036 ac
721 973 821 1036 Tutor
835 975 865 1036 in
881 995 963 1036 arma
978 973 1135 1038 Treveros

126 1061 302 1124 retrahunt:
327 1059 434 1122 occisis
458 1058 614 1122 Herennio
629 1081 665 1121 ac
682 1057 831 1136 Numisio,
848 1059 984 1142 Legatis,
1001 1059 1060 1146 qud
1075 1060 1134 1123 rni-

125 1169 199 1210 nore
211 1167 266 1226 spe
283 1145 377 1206 venie
391 1159 543 1208 cresceret
555 1145 710 1206 vinculum
725 1146 859 1208 sceleris.

169 1229 294 1294 LXXl.
318 1228 380 1291 Hic
395 1229 465 1293 belli
481 1244 576 1293 status
592 1244 667 1308 erat,
685 1230 755 1292 clun
772 1230 899 1294 Petilius
915 1231 1044 1295 Cerialis
1059 1231 1133 1296 Ma·

125 1319 297 1402 gentiacum
314 1316 415 1377 venit:
445 1314 510 1399 ejus
533 1316 665 1379 adventu
681 1332 788 1378 erecte
803 1339 885 1400 spes.
930 1317 1000 1400 lpse
1021 1340 1132 1402 pugna
1213 1329 1218 1340 “

125 1405 231 1468 avidus
247 1415 278 1464 et
300 1402 541 1478 contemnendis,
566 1401 655 1486 quiem
678 1402 833 1479 cavendis,
856 1404 990 1466 hostibus
1013 1406 1134 1482 melior,

125 1488 238 1555 serocid
247 1488 404 1551 verborum
417 1489 539 1552 militem
556 1487 757 1552 incendebat:
779 1490 830 1552 ubi
844 1488 972 1572 primum
984 1491 1133 1574 congredi

124 1579 268 1652 licuisset,
280 1575 393 1637 nullum
411 1575 512 1657 praelio
529 1596 642 1637 moram
660 1575 807 1638 secturus:
832 1575 968 1638 delectus
985 1599 1039 1660 per
1055 1576 1133 1640 Gal-

124 1665 195 1728 liam
214 1663 329 1726 habitcs
344 1661 373 1723 in
394 1661 528 1724 civitates
551 1661 684 1738 remittit,
708 1683 743 1724 ac
759 1662 893 1725 nuntiare
904 1662 1003 1747 jubet,
1024 1664 1133 1726 ‘suffi-

125 1771 196 1814 cere
219 1748 352 1831 Imperio
375 1747 526 1828 legiones:
554 1748 627 1810 socii
644 1749 680 1810 ad
698 1748 799 1810 munia
817 1749 898 1831 pacis
916 1749 1059 1826 redirent,
1082 1771 1132 1813 se·

124 1838 199 1912 curi,
223 1836 305 1898 velut
328 1832 466 1897 consecto
482 1834 572 1910 bello,
598 1834 677 1918 quod
695 1833 842 1898 Romane
859 1855 965 1898 manus
989 1837 1131 1918 excepis-

124 1921 214 1986 sent.'
251 1921 346 1983 Auxit
362 1941 396 1982 ea
413 1941 461 1982 res
477 1919 634 1982 Gallorum
651 1921 841 2004 obsequium.
887 1920 980 1997 Nam,
1004 1921 1132 2005 receptis

119 2008 293 2094 juventute,
314 2005 428 2068 sacilids
444 2007 553 2069 tributa
573 2006 750 2084 toleravere,
777 2007 931 2088 proniores
957 2007 994 2070 ad
1017 2009 1130 2086 officia,

147 2094 206 2158 ubd
222 2093 448 2178 spernebantur.
488 2093 532 2155 At
547 2091 655 2156 Civilis
676 2107 706 2156 et
722 2092 887 2172 Classicus,
911 2094 961 2156 ubi
989 2095 1131 2178 ‘pulsum

124 2116 285 2256 Vmorem,
301 2201 393 2242 caesos
409 2178 574 2255 Treveros,
597 2193 707 2242 cuncta
728 2180 861 2242 hostibus
885 2201 1025 2265 prospera
1042 2201 1132 2244 acce·

102 2333 106 2336 ,
124 2267 210 2354 plere,
226 2266 334 2350 trepidi
350 2287 386 2328 ac
409 2281 614 2349 properantes,
635 2266 707 2328 dum
723 2267 873 2347 dispersas
889 2288 1009 2330 suorum
1025 2268 1131 2350 copias
1226 2331 1227 2354 ,

124 2354 308 2428 conducunt,
332 2352 445 2414 crebris
470 2353 587 2416 interim
615 2353 724 2416 nuntiis
749 2351 944 2416 Valentinum
971 2353 1130 2432 monuere,

125 2449 183 2503 ‘ne
200 2460 322 2503 summe
347 2439 388 2500 rei
411 2438 577 2521 periculum
598 2438 733 2502 laceret!
779 2437 829 2501 Εὸ
845 2439 975 2523 rapidiirs
990 2440 1130 2518 Cerialis,

123 2527 220 2590 missis
243 2526 271 2586 in
295 2522 554 2601 Mediomatricos,
579 2526 630 2610 qui
656 2525 793 2588 breviore
817 2525 923 2588 itinere
948 2527 1082 2610 legiones
1098 2527 1130 2589 in

123 2614 242 2676 hostem
260 2624 421 2686 verterent,
437 2625 604 2688 contracto,
618 2612 697 2696 quod
713 2625 777 2674 erat
788 2611 915 2674 rnilitum
932 2611 1132 2692 Magantiaci‚

125 2714 330 2784 quantumque
346 2717 451 2760 secum
467 2711 684 2775 transvexerat,
705 2698 798 2761 tertiis
814 2699 919 2762 castris
942 2697 1131 2780 Rigodulum

124 2785 226 2863 venit3
257 2805 347 2869 quern
370 2784 471 2847 locum
495 2783 605 2864 magnai
619 2783 823 2846 Treverorum
840 2806 931 2847 manu
950 2783 1132 2847 Valentinus

122 2873 283 2947 insederat,
299 2870 451 2934 montibus
467 2885 518 2941 aut
534 2869 665 2932 llloscllit
680 2892 769 2933 amne
784 2886 904 2953 septum
919 2893 927 2948 ;
958 2883 989 2934 et
1005 2871 1132 2934 addide-

122 2973 167 3024 rat
194 2957 287 3021 lossas
313 2957 475 3041 obicesque
491 2978 645 3019 saxorum.
692 2956 759 3019 Nec
777 2956 950 3020 deterruere
973 2978 1009 3020 ea
1032 2959 1132 3020 muni·

121 3060 224 3110 menta
240 3043 564 3120 Romanum'Ducem,
586 3042 646 3128 qud
669 3043 766 3106 minlrs
783 3044 915 3127 peditem
932 3065 1129 3128 perrumpere

119 3132 253 3219 juberet,
277 3131 411 3215 equitum
427 3131 523 3192 aciem
551 3130 579 3192 in
603 3129 713 3192 collem
737 3131 875 3212 erigeret,
899 3145 999 3214 spreto
1024 3130 1132 3210 hoste3

123 3239 226 3304 quem,
243 3217 356 3280 temere
372 3217 545 3292 collectum,
567 3216 646 3278 baud
664 3217 703 3278 ita
719 3216 787 3279 loco
798 3215 908 3301 juvari,
929 3231 962 3280 ut
985 3238 1044 3280 non
1061 3217 1132 3300 plus

122 3305 183 3369 suis
200 3305 229 3366 in
246 3305 353 3366 virtute
371 3301 457 3366 soret.
502 3301 632 3366 Paulum
649 3323 740 3366 mora
764 3304 792 3366 in
810 3324 946 3380 ascensu,
970 3303 1041 3366 dum
1058 3304 1134 3368 mis·

123 3392 188 3456 silia
202 3385 332 3452 hostium
348 3389 580 3472 prevehuntur:
607 3403 639 3452 ut
658 3405 779 3454 ventum
800 3389 828 3451 in
846 3409 963 3466 manus,
979 3390 1131 3454 deturbati

122 3479 213 3542 ruinae
231 3475 321 3538 modo
347 3475 578 3558 precipitantur.
626 3475 668 3540 Et
689 3497 756 3558 pars
781 3478 927 3560 equitum,
952 3476 1133 3562 aequioribus

117 3563 198 3650 jugis
212 3562 427 3638 circumvecta,
453 3562 652 3627 nobilissimos
676 3562 853 3646 Belgarum,
877 3563 907 3626 in
929 3560 994 3648 quis
1016 3563 1132 3628 ducem

125 3648 332 3728 Valentinum,
348 3650 439 3732 cepit.
