2556 4446
127 467 194 530 258
466 464 507 528 C.
531 463 641 529 Coun.
664 463 789 528 Tscrr't
821 536 823 538 ,

129 623 250 716 propria
264 641 295 691 et
307 627 468 712 peculiaria
483 626 571 714 hujus
591 627 671 692 urbis
689 627 759 690 vitia
775 633 862 712 paene
882 627 911 692 in
928 631 1014 693 utero
1029 627 1132 694 matris

131 715 253 800 concipi
282 716 355 778 mihi
386 715 535 791 videntur,
565 713 744 778 histrionalis
770 715 852 778 savor
878 731 909 778 et
934 716 1133 800 gladiatorum
1166 723 1176 741 ²

133 822 340 888 equorumque
356 801 472 864 studia:
498 801 605 885 quibus
627 817 791 886 occupatus
811 817 841 865 et
861 804 1000 866 obsessus
1016 804 1135 867 animus

133 889 312 975 quantulum
335 888 393 950 loci
416 887 501 950 bonis
524 889 633 951 artibus
649 889 814 972 relinquit?
838 905 962 973 quotum
982 911 1134 974 quemque

133 975 293 1050 inveneris,
310 973 360 1059 qui
383 974 464 1037 dorni
488 975 649 1058 quicquam
672 975 752 1036 aliud
778 975 941 1060 loquatur?
963 997 1038 1060 quos
1061 977 1135 1038 alios

134 1061 426 1127 adolescentulorum
449 1082 604 1124 sermones
620 1061 798 1145 excipimus,
814 1063 837 1126 si
854 1063 973 1146 quando
989 1063 1135 1126 auditorio

133 1149 332 1214 intravimus?
377 1143 427 1210 Ne
452 1162 652 1230 preceptores
668 1149 790 1232 quidem
806 1149 882 1212 ullas
897 1150 1049 1214 crebiores
1063 1170 1134 1212 cum

135 1235 318 1300 auditoribus
333 1234 394 1296 suis
410 1233 525 1298 sabulos
540 1235 671 1298 habent:
693 1235 837 1318 coliigunt
859 1235 938 1298 enim
949 1236 1136 1319 discipulos,
1178 1229 1209 1266 '²

134 1345 195 1386 nou
211 1321 371 1384 severitate
388 1319 551 1404 disciplinae
567 1343 625 1387 nec
640 1323 749 1402 ingenii
766 1323 986 1406 experimento,
1002 1322 1054 1384 sed
1071 1326 1154 1384 um·'

135 1409 248 1472 bitione
263 1407 454 1470 salutantium
464 1421 495 1470 et
511 1407 857 1472 illecebrisadulotionis.
891 1408 1029 1473 Transeo
1039 1409 1137 1491 prima

135 1494 315 1558 discentium
339 1494 502 1570 elementa,
519 1494 547 1556 in
564 1494 671 1577 quibus
686 1507 717 1554 et
732 1494 803 1576 ipsis
824 1515 928 1576 parum
945 1496 1135 1558 elaboratur:

133 1601 192 1646 nec
207 1577 236 1644 in
252 1579 423 1644 auctoribus
437 1578 664 1663 cognoscendis,
680 1599 737 1642 nec
759 1579 929 1643 evolvendi
949 1582 1137 1664 antiquitate,

136 1689 194 1732 nec
209 1668 238 1730 iu
255 1666 362 1730 notitih
377 1667 426 1730 vel
442 1688 552 1743 rernm,
568 1663 617 1728 vel
632 1665 798 1742 hominum,
813 1665 862 1728 vel
875 1665 1139 1750 temperamentis
1223 1669 1226 1675 '
1241 1699 1243 1702 ·

540 1819 545 1828 r

134 1775 233 1839 operae
246 1754 414 1818 insumitur.
723 1809 731 1818 ,

179 1838 292 1904 XXX.
316 1839 378 1903 Sed
395 1852 590 1924 expetuntur,
607 1859 682 1924 quos
704 1836 841 1901 rhetoras
855 1851 987 1902 vocant:
1009 1847 1138 1923 quorum

136 1926 281 2012 professio
308 1926 428 2010 quando
453 1926 581 2009 primirm
605 1927 634 1988 in
666 1925 744 1988 hanc
770 1925 875 2008 orbem
897 1925 1066 1988 introducta
1088 1925 1137 2002 sit,

137 2013 290 2098 quhmque
317 2012 429 2074 nullam
456 2012 536 2092 apud
564 2010 692 2096 majores
717 2028 833 2075 nostros
855 2011 1062 2075 auctoritatem
1084 2011 1138 2074 ha-

136 2099 245 2173 buerit,
257 2097 357 2160 statim
372 2097 516 2172 dicturus,
530 2096 656 2160 reseram
673 2116 799 2160 necesse
814 2112 860 2162 est
872 2099 1003 2162 animum
1019 2097 1056 2160 ad
1069 2115 1137 2160 eam

136 2183 337 2266 disciplinam,
353 2181 414 2266 quia
430 2203 498 2244 usos
514 2201 582 2244 esse
594 2203 647 2244 eos
662 2197 797 2247 oratores
813 2183 995 2268 accepimus,
1012 2205 1138 2269 quorum

137 2269 269 2333 infinitus
284 2268 368 2330 labor
390 2281 421 2330 et
444 2267 617 2350 quotidiana
639 2269 795 2332 meditatio
817 2283 848 2332 et
871 2270 899 2332 io
922 2272 1004 2333 omui
1027 2291 1139 2352 genere

138 2356 303 2421 studiorum
327 2353 560 2420 exercitationes
582 2354 714 2438 ipsorum
730 2355 820 2418 etiam
835 2357 1029 2418 continentur
1046 2357 1139 2420 libris.

139 2443 238 2510 Notus
254 2457 300 2508 est
314 2441 398 2506 vobis
415 2441 518 2526 utique
534 2439 692 2505 Ciceronis
706 2441 791 2518 liber,
808 2442 857 2526 qui
872 2439 992 2506 Brutus
1006 2443 1141 2506 inscribi·

139 2545 206 2608 tur;
230 2531 259 2594 iu
269 2529 355 2612 cujus
370 2526 510 2592 extremit
521 2543 616 2612 parte,
630 2526 715 2612 (narn
733 2529 811 2611 prior
819 2529 1139 2592 commemorationem

140 2633 277 2682 veterum
293 2632 444 2680 oratorum
461 2613 578 2698 habet,)
602 2635 656 2676 sna
672 2615 765 2691 initia,
779 2637 851 2678 suos
866 2616 985 2696 gradus,
1000 2637 1061 2680 sure
1076 2617 1140 2678 elo·

161 2703 266 2766 uentire
289 2702 370 2764 velut
393 2701 543 2784 quendam
561 2700 775 2764 educationem
797 2700 906 2764 refert:
929 2723 961 2765 se
988 2703 1068 2786 epod
1093 2701 1137 2776 Q.

138 2724 276 2852 lineium
288 2786 339 2869 jus
349 2787 438 2848 civile
454 2785 614 2863 didicisse3
637 2786 718 2870 apud
730 2785 890 2850 Philonem
907 2787 1139 2868 Academicum,

139 2872 220 2957 apud
237 2869 557 2936 Diodotum-Stoicum
569 2895 676 2937 omnes
691 2873 887 2956 philosophiae
904 2889 1002 2957 portes
1019 2876 1140 2958 penitus

137 2957 290 3024 hausisse:
313 2977 415 3043 neque
432 2958 476 3022 his
487 2959 659 3024 doctoribus
670 2973 857 3036 contentum,
868 2983 994 3045 quorum
1007 2962 1035 3024 ei
1049 2963 1139 3045 copie

138 3046 168 3112 in
191 3045 265 3108 urbe
287 3047 465 3127 contigeret,
482 3047 629 3110 Achaiam
650 3069 771 3132 qunque
787 3061 817 3109 et
833 3048 938 3110 Asiam
954 3047 1141 3131 peragrhsse,

140 3147 173 3198 ut
201 3153 324 3198 omnem
354 3135 488 3198 emnium
526 3133 632 3196 artium
664 3135 838 3198 varietatem
871 3135 1139 3216 complecteretur.

140 3220 248 3305 Itaque
266 3217 400 3282 Hercule
416 3219 444 3281 iu
461 3219 541 3282 libris
564 3218 723 3282 Ciceronis
738 3215 968 3302 deprehendere
983 3221 1065 3296 licet,
1080 3243 1141 3286 non

140 3306 325 3390 genruetriae‚
351 3327 410 3368 non
438 3305 570 3382 musicae,
597 3327 655 3369 non
683 3307 893 3386 grammatice,
918 3327 976 3368 non
1008 3307 1140 3392 denique

141 3395 230 3458 ullius
251 3393 387 3475 ingenue
410 3393 480 3454 artis
495 3393 650 3455 scientiam
666 3393 694 3454 ei
710 3391 852 3456 defuisse.
898 3391 954 3456 llle
976 3393 1140 3458 dialecticae

141 3481 345 3556 subtilitatem,
362 3479 411 3542 ille
428 3479 547 3543 moralis
569 3479 659 3561 pertis
676 3479 843 3556 utilitatem,
859 3479 908 3542 ille
924 3500 1022 3542 rerum
1039 3495 1142 3544 motus

141 3585 320 3650 causasque,
332 3566 485 3648 cognovit.
531 3561 577 3628 Ira
588 3566 668 3628 enim
679 3579 735 3642 est,
747 3567 852 3648 optimi
866 3565 929 3641 riri,
941 3566 980 3628 ita
992 3587 1033 3628 ex
1045 3567 1142 3640 multia

8 3645 11 3655 ’
112 3733 113 3738 ¹
141 3651 319 3728 eruditione,
335 3671 375 3716 ex
399 3653 531 3734 pluribus
554 3653 663 3716 artibus
686 3665 716 3714 et
738 3653 872 3716 omnium
895 3673 993 3715 rerum
1013 3653 1141 3717 scientiis

142 3735 277 3800 exundat
303 3751 334 3800 et
357 3739 504 3802 exuberat
533 3738 583 3802 illa
612 3738 791 3804 admirabilis
821 3739 1009 3823 eloquentia:
1042 3761 1142 3824 neque

141 3822 266 3886 oratoris
282 3824 326 3884 via
341 3837 373 3884 et
388 3823 525 3899 facultas,
548 3825 624 3890 sicut
647 3840 816 3888 ceterarum
836 3847 946 3900 rerum,
963 3828 1094 3910 angustis
1110 3841 1142 3891 ct

141 3905 282 3970 brevibus
299 3907 430 3970 terminis
453 3911 583 3976 cluditur
593 3933 601 3986 ;
624 3911 677 3974 sed
701 3911 726 3974 is
743 3925 789 3972 est
804 3926 919 3988 orator,
931 3913 987 3996 qui
1004 3914 1042 3975 de
1058 3915 1142 3978 omni

141 3991 303 4076 questione
320 3990 443 4074 pulchre
466 4009 497 4058 et
512 3997 617 4061 ornate
633 4011 664 4059 et
684 3996 721 4060 od
745 3999 987 4081 persuadendum
1010 3998 1081 4084 aptis
1097 4000 1143 4068 di·
