2560 4258
180 323 273 393 ΑΟ.
289 319 358 410 69.]
478 318 622 390 Hrsroa.
646 319 721 414 Lrs.
745 323 887 390 Patruus.
1158 319 1181 384 ’8

179 509 221 556 aa,
232 492 350 576 species
372 489 516 553 libertatis
539 489 626 553 inest.
672 487 750 551 Mihi
774 487 884 564 Galba,
908 486 1003 564 Otho,
1026 484 1179 564 Vitellius,

181 599 239 642 nec
263 578 418 653 beneficio,
442 597 499 638 nec
514 575 621 660 injuria
636 576 754 657 cogniti.
803 574 990 655 Dignitatem
1007 590 1138 636 nostram
1163 593 1181 636 a

181 663 370 748 Vespasiano
385 664 567 738 inchoatam,
584 685 601 724 a
616 661 689 724 Tito
705 675 833 740 auctam,
847 682 863 721 a
877 660 1052 722 Domitiano
1064 659 1180 740 longibs

180 765 366 834 provectam,
379 771 437 812 non
451 749 623 810 abnuerim:
648 748 701 809 sed
715 749 915 828 incorruptam
928 747 1018 808 fidem
1031 744 1180 829 professis,

182 857 240 900 nec
256 858 357 898 amore
373 837 529 920 quisquam
547 849 577 896 et
593 835 656 896 sine
676 834 746 896 odio
769 833 913 895 dicendus
936 847 993 896 est.
1040 831 1132 904 Quod
1156 831 1181 894 si

81 976 83 980 .
182 923 244 986 vita
267 923 451 1006 suppeditet,
479 920 686 1004 Principatum
713 919 786 982 Divi
812 917 933 994 Nervae,
958 932 989 979 et
1016 917 1180 1000 lmperiunt

181 1006 317 1093 Trajani,
334 1009 502 1070 uberiorem
518 1007 761 1088 securioremque
778 1005 943 1079 materiam,
961 1003 1110 1066 senectuti
1133 1024 1182 1066 se—

182 1095 288 1180 posui:
313 1093 379 1157 rara
394 1108 564 1176 temporum
582 1093 733 1166 felicitate,
750 1092 812 1168 ubi,
828 1091 938 1153 sentire
954 1111 1019 1172 quae
1037 1089 1121 1166 velis,
1138 1101 1180 1170 et,

181 1201 248 1266 quae
264 1181 374 1243 sentias
390 1181 501 1254 dicere,
518 1180 597 1240 licet.

226 1265 269 1328 Il.
292 1265 381 1349 Opus
397 1265 554 1349 aggredior
568 1264 703 1348 opimum
718 1264 847 1340 casibuS,
871 1275 956 1326 atrox
981 1263 1096 1346 praeliis‚
1120 1263 1181 1326 dis·

180 1371 248 1416 cors
264 1353 468 1428 seditionibus,
486 1350 551 1434 ipsai
567 1353 657 1414 etiarn
674 1371 749 1434 pace
765 1372 888 1412 saevum.
934 1347 1076 1422 Quatuor
1092 1348 1181 1412 Prin·

181 1439 265 1520 cipes
282 1437 358 1502 serro
374 1439 534 1502 interemti.
580 1437 675 1499 Trina
692 1437 770 1498 bella
784 1437 894 1512 civilia,
908 1435 992 1518 plura
1004 1451 1130 1498 externa
1144 1455 1181 1499 ao

181 1524 361 1608 plertimque
386 1525 546 1608 permixta.
596 1523 753 1606 Prosperae
777 1523 806 1585 in
830 1521 970 1598 Oriente,
994 1523 1126 1584 adversae
1150 1521 1181 1584 in

181 1609 352 1674 Occidente
376 1633 434 1674 res.
488 1609 659 1672 Turbatam
684 1609 856 1692 Illyricum:
890 1607 995 1670 Galliae
1020 1611 1179 1670 nutantes:

181 1697 350 1782 perdomita
365 1697 521 1760 Britannia
540 1711 571 1760 et
593 1697 693 1759 statim
717 1697 823 1758 missa:
847 1709 956 1757 coortae
980 1695 1008 1756 in
1033 1716 1087 1756 nos
1111 1693 1182 1756 Sar·

180 1797 329 1846 matarum
345 1805 380 1846 ac
397 1783 565 1844 Sacrorum
583 1798 706 1864 gentes:
731 1782 902 1845 nobilitatus
917 1780 1052 1842 cladibus
1069 1779 1180 1842 mutuis

181 1867 298 1933 Dacus.
345 1869 430 1931 Mota
445 1869 534 1930 etiam
553 1869 646 1950 prope
666 1868 843 1930 Parthorum
861 1888 953 1941 arma,
971 1865 1034 1928 salsi
1048 1863 1180 1928 Neronis

182 1953 321 2016 ludibrio
366 1953 436 2015 Jam
455 1953 525 2016 verb
542 1953 627 2016 ltalia
643 1955 727 2016 novis
743 1955 889 2027 cladibuS,
907 1953 953 2014 vel
972 1967 1038 2035 post
1059 1952 1181 2033 longam

182 2040 358 2102 saeculorum
378 2041 485 2102 seriem
510 2041 654 2121 repetitis,
678 2040 798 2102 afflicta.
845 2038 970 2100 Haustae
993 2052 1044 2100 aut
1066 2039 1180 2102 obrutae

106 2162 108 2169 ι
179 2125 280 2202 urbes,
297 2125 516 2188 secundissima
531 2125 708 2209 Campaniae
730 2125 793 2187 orb.
839 2123 921 2186 Urbs
945 2125 1089 2186 incendiis
1114 2143 1181 2186 vas*

0 2285 3 2296 ,
76 2227 77 2232 ’
179 2225 252 2288 tata,
268 2213 431 2274 consumtis
448 2211 657 2294 antiquissimis
673 2212 814 2286 delubris,
827 2212 892 2293 ipso
903 2209 1056 2292 Capitolio
1068 2211 1180 2273 civium

180 2298 319 2362 manibus
342 2299 483 2360 incenso:
510 2298 630 2379 pollutae
653 2297 846 2360 caerirnoniae:
881 2318 989 2376 magna
1013 2296 1177 2358 adulteria:
1203 2313 1208 2321 “

179 2384 305 2468 plenum
321 2384 418 2446 exiliis
434 2405 535 2446 mare:
559 2382 660 2444 insecti
675 2383 804 2444 oaedihus
817 2383 943 2464 scopuli.
991 2381 1133 2444 Atrocibs
1146 2381 1180 2446 in

180 2470 255 2532 urba
278 2471 424 2534 saevitum.
474 2467 636 2543 Nobilitas,
659 2491 744 2550 opes,
768 2469 869 2530 omissi
892 2468 1028 2550 gestique
1052 2468 1181 2530 honores

180 2556 378 2640 procrimine,
396 2554 472 2618 etob
483 2555 606 2616 virtutes
617 2555 815 2616 certissimum
828 2555 966 2616 exitium.
1005 2552 1182 2616 Necminirs

180 2642 302 2730 praemia
319 2641 486 2703 delatorum
510 2640 614 2714 invisa,
638 2639 727 2722 qu'am
751 2641 884 2715 scelera3
906 2638 975 2702 crim
1000 2639 1048 2702 alii
1072 2640 1181 2702 Sacer-

182 2727 264 2792 dotia
280 2741 310 2788 et
325 2727 519 2801 Consulatus,
535 2740 567 2788 ut
583 2725 688 2806 spolia,
705 2725 818 2808 adepti,
839 2724 1069 2788 Procurationes
1085 2725 1133 2786 alii
1149 2737 1182 2788 et

181 2813 353 2881 interiorem
370 2812 546 2895 potentiam,
563 2826 696 2890 agerent,
715 2826 864 2874 verterent
876 2825 985 2872 cuncta
997 2811 1066 2873 odio
1078 2827 1109 2872 et
1121 2825 1181 2872 ter·

179 2917 258 2966 tore.
304 2897 446 2980 Corrupti
463 2899 491 2960 in
508 2898 645 2960 dominos
665 2898 753 2971 servi,
778 2898 806 2960 in
832 2911 971 2980 patronos
994 2897 1112 2972 liberti3
1136 2908 1179 2975 et,

180 2983 288 3068 quibus
303 2983 407 3046 deerat
422 2983 570 3058 inimicus,
588 3005 641 3065 per
657 2984 767 3046 amicos
787 2983 935 3064 oppressi.
983 2981 1053 3044 Non
1077 2999 1178 3046 tamen

180 3068 258 3136 adeb
272 3070 412 3135 virtutum
424 3069 523 3132 sterile
535 3070 688 3146 sacculum,
698 3084 731 3132 ut
743 3091 801 3133 non
815 3085 845 3134 et
859 3069 936 3134 bona
951 3068 1094 3154 exempla
1111 3089 1180 3152 pro·

180 3155 299 3220 diderit.

223 3240 283 3304 lll.
307 3241 468 3306 Comitatae
485 3242 625 3328 profugos
640 3244 748 3306 liberos
772 3259 899 3308 matres:
924 3258 1034 3306 secute
1057 3243 1180 3306 maritos

180 3327 211 3392 in
227 3329 317 3392 exilia
332 3329 495 3414 conjuges:
519 3331 677 3415 propinqui
689 3332 854 3393 audentes:
876 3345 1048 3392 constantes
1060 3329 1178 3409 generi:

179 3428 355 3492 contumax,
374 3418 464 3479 etiarn
488 3416 630 3478 advershs
653 3431 812 3492 tormenta,
835 3431 988 3479 servorum
1013 3415 1105 3478 fides:
1129 3435 1180 3476 su·

179 3521 291 3585 premae
306 3502 454 3566 clarorum
472 3503 599 3564 virorum
618 3503 831 3582 necessitates3
855 3503 918 3585 ipsa
935 3501 1098 3564 necessitas
1122 3499 1181 3564 sor·

179 3587 249 3654 titer
260 3587 404 3664 tolerata3
428 3601 460 3650 et
470 3588 597 3650 laudatis
609 3589 798 3673 antiquorum
813 3590 955 3653 mortibus
970 3607 1055 3670 pares
1067 3587 1181 3650 exitus.

177 3670 294 3736 Praeter
309 3674 490 3756 multiplices
507 3695 605 3736 rerum
623 3675 819 3736 humanarum
836 3696 934 3750 casus,
946 3674 1026 3736 coelo
1039 3671 1179 3756 terraique

178 3759 324 3842 prodigia,
340 3774 371 3822 et
387 3759 543 3823 fulminum
561 3761 701 3837 monitus,
717 3777 747 3823 et
760 3760 923 3824 futurorum
938 3760 1089 3842 presagia,
1102 3759 1179 3836 laeta,

178 3843 284 3924 tristia,
300 3846 450 3929 ambigua,
467 3845 634 3910 manifesta.
681 3845 749 3912 Nec
769 3848 850 3910 enirn
874 3867 1006 3930 unquam
1030 3844 1181 3910 atrociori·
