<?xml version="1.0" encoding="UTF-8"?>
<!DOCTYPE html PUBLIC "-//W3C//DTD XHTML 1.0 Transitional//EN"
    "http://www.w3.org/TR/xhtml1/DTD/xhtml1-transitional.dtd">
<html xmlns="http://www.w3.org/1999/xhtml" xml:lang="en" lang="en">
 <head>
  <title>
</title>
<meta http-equiv="Content-Type" content="text/html;charset=utf-8" />
  <meta name='ocr-system' content='tesseract 3.04.00' />
  <meta name='ocr-capabilities' content='ocr_page ocr_carea ocr_par ocr_line ocrx_word'/>
</head>
<body>
  <div class='ocr_page' id='page_1' title='image "./ccorneliitaciti24tacigoog_0482.png"; bbox 0 0 2556 4446; ppageno 0'>
   <div class='ocr_carea' id='block_1_1' title="bbox 586 831 632 874">
    <p class='ocr_par' dir='ltr' id='par_1_1' title="bbox 586 831 632 874">
     <span class='ocr_line' id='line_1_1' title="bbox 586 831 632 874; baseline 0 0"><span class='ocrx_word' id='word_1_1' title='bbox 586 831 632 874; x_wconf 76' lang='lat' dir='ltr'><strong>DE</strong></span> 
     </span>
    </p>
   </div>
   <div class='ocr_carea' id='block_1_2' title="bbox 429 959 789 1055">
    <p class='ocr_par' dir='ltr' id='par_1_2' title="bbox 429 959 789 1055">
     <span class='ocr_line' id='line_1_2' title="bbox 429 959 789 1055; baseline 0 -1"><span class='ocrx_word' id='word_1_2' title='bbox 429 959 789 1055; x_wconf 70' lang='lat' dir='ltr'><strong>ounrouruuc</strong></span> 
     </span>
    </p>
   </div>
   <div class='ocr_carea' id='block_1_3' title="bbox 576 1176 650 1218">
    <p class='ocr_par' dir='ltr' id='par_1_3' title="bbox 576 1176 650 1218">
     <span class='ocr_line' id='line_1_3' title="bbox 576 1176 650 1218; baseline 0 0"><span class='ocrx_word' id='word_1_3' title='bbox 576 1176 650 1218; x_wconf 68' lang='lat' dir='ltr'><strong>slva:</strong></span> 
     </span>
    </p>
   </div>
   <div class='ocr_carea' id='block_1_4' title="bbox 66 1315 1068 1538">
    <p class='ocr_par' dir='ltr' id='par_1_4' title="bbox 66 1315 1068 1538">
     <span class='ocr_line' id='line_1_4' title="bbox 66 1315 1068 1392; baseline 0.004 -22"><span class='ocrx_word' id='word_1_4' title='bbox 66 1375 74 1392; x_wconf 60' lang='grc'><strong>,</strong></span> <span class='ocrx_word' id='word_1_5' title='bbox 149 1315 1068 1379; x_wconf 65' lang='lat' dir='ltr'><strong>nuonumscmauuumnnnoounnnnu</strong></span> 
     </span>
     <span class='ocr_line' id='line_1_5' title="bbox 396 1458 819 1538; baseline 0.002 -1"><span class='ocrx_word' id='word_1_6' title='bbox 396 1458 819 1538; x_wconf 83' lang='lat' dir='ltr'><strong>DlALOGUS.</strong></span> 
     </span>
    </p>
   </div>
   <div class='ocr_carea' id='block_1_5' title="bbox 500 1789 722 1833">
    <p class='ocr_par' dir='ltr' id='par_1_5' title="bbox 500 1789 722 1833">
     <span class='ocr_line' id='line_1_6' title="bbox 500 1789 722 1833; baseline -0.009 0"><span class='ocrx_word' id='word_1_7' title='bbox 500 1789 722 1833; x_wconf 64' lang='lat' dir='ltr'><strong>unumunurn.</strong></span> 
     </span>
    </p>
   </div>
   <div class='ocr_carea' id='block_1_6' title="bbox 110 1912 1115 4008">
    <p class='ocr_par' dir='ltr' id='par_1_6' title="bbox 110 1912 1115 2724">
     <span class='ocr_line' id='line_1_7' title="bbox 110 1912 1115 1980; baseline -0.001 -15"><span class='ocrx_word' id='word_1_8' title='bbox 110 1915 207 1980; x_wconf 83' lang='lat' dir='ltr'><strong>Capi.</strong></span> <span class='ocrx_word' id='word_1_9' title='bbox 233 1915 332 1978; x_wconf 82' lang='lat' dir='ltr'><strong>Dialogi</strong></span> <span class='ocrx_word' id='word_1_10' title='bbox 353 1915 457 1963; x_wconf 78' lang='lat' dir='ltr'><strong>occasio.</strong></span> <span class='ocrx_word' id='word_1_11' title='bbox 491 1915 514 1962; x_wconf 86' lang='lat'><strong>2.</strong></span> <span class='ocrx_word' id='word_1_12' title='bbox 532 1916 555 1962; x_wconf 83' lang='grc'><strong>3.</strong></span> <span class='ocrx_word' id='word_1_13' title='bbox 574 1912 784 1962; x_wconf 81' lang='lat' dir='ltr'><strong>contabulationis</strong></span> <span class='ocrx_word' id='word_1_14' title='bbox 804 1918 990 1977; x_wconf 78' lang='lat' dir='ltr'><strong>argumentum.</strong></span> <span class='ocrx_word' id='word_1_15' title='bbox 1025 1915 1115 1964; x_wconf 86' lang='lat' dir='ltr'><strong>Curia·</strong></span> 
     </span>
     <span class='ocr_line' id='line_1_8' title="bbox 141 1976 1113 2040; baseline -0.002 -11"><span class='ocrx_word' id='word_1_16' title='bbox 141 1983 203 2029; x_wconf 90' lang='lat' dir='ltr'><strong>tium</strong></span> <span class='ocrx_word' id='word_1_17' title='bbox 216 1979 372 2034; x_wconf 77' lang='lat' dir='ltr'><strong>Maternum,</strong></span> <span class='ocrx_word' id='word_1_18' title='bbox 384 1991 417 2026; x_wconf 86' lang='lat' dir='ltr'><strong>ex</strong></span> <span class='ocrx_word' id='word_1_19' title='bbox 434 1983 529 2026; x_wconf 87' lang='lat' dir='ltr'><strong>oratore</strong></span> <span class='ocrx_word' id='word_1_20' title='bbox 542 1985 648 2039; x_wconf 87' lang='lat' dir='ltr'><strong>poetam,</strong></span> <span class='ocrx_word' id='word_1_21' title='bbox 660 1976 699 2024; x_wconf 91' lang='lat' dir='ltr'><strong>M.</strong></span> <span class='ocrx_word' id='word_1_22' title='bbox 712 1979 780 2039; x_wconf 84' lang='lat' dir='ltr'>Aper</span> <span class='ocrx_word' id='word_1_23' title='bbox 791 1986 879 2034; x_wconf 88' lang='lat' dir='ltr'><strong>orator,</strong></span> <span class='ocrx_word' id='word_1_24' title='bbox 891 1978 977 2040; x_wconf 89' lang='lat' dir='ltr'><strong>judice</strong></span> <span class='ocrx_word' id='word_1_25' title='bbox 988 1977 1056 2026; x_wconf 85' lang='lat' dir='ltr'><strong>Julio</strong></span> <span class='ocrx_word' id='word_1_26' title='bbox 1068 1979 1113 2027; x_wconf 88' lang='lat' dir='ltr'><strong>Se-</strong></span> 
     </span>
     <span class='ocr_line' id='line_1_9' title="bbox 141 2041 1114 2104; baseline 0.002 -14"><span class='ocrx_word' id='word_1_27' title='bbox 141 2043 232 2098; x_wconf 90' lang='lat' dir='ltr'><strong>cundo,</strong></span> <span class='ocrx_word' id='word_1_28' title='bbox 244 2057 257 2088; x_wconf 94' lang='lat' dir='ltr'><strong>a</strong></span> <span class='ocrx_word' id='word_1_29' title='bbox 268 2041 371 2104; x_wconf 88' lang='lat' dir='ltr'><strong>poeticis</strong></span> <span class='ocrx_word' id='word_1_30' title='bbox 388 2043 475 2089; x_wconf 89' lang='lat' dir='ltr'><strong>studiis</strong></span> <span class='ocrx_word' id='word_1_31' title='bbox 490 2055 595 2089; x_wconf 88' lang='lat' dir='ltr'><strong>avocare</strong></span> <span class='ocrx_word' id='word_1_32' title='bbox 614 2047 699 2088; x_wconf 89' lang='lat' dir='ltr'><strong>tentat.</strong></span> <span class='ocrx_word' id='word_1_33' title='bbox 732 2045 756 2088; x_wconf 86' lang='lat'><strong>4.</strong></span> <span class='ocrx_word' id='word_1_34' title='bbox 774 2041 907 2089; x_wconf 80' lang='lat' dir='ltr'><strong>Maternus</strong></span> <span class='ocrx_word' id='word_1_35' title='bbox 923 2043 1070 2090; x_wconf 75' lang='lat' dir='ltr'><strong>sanctiorem</strong></span> <span class='ocrx_word' id='word_1_36' title='bbox 1085 2058 1114 2092; x_wconf 88' lang='lat' dir='ltr'><strong>se</strong></span> 
     </span>
     <span class='ocr_line' id='line_1_10' title="bbox 141 2103 1114 2166; baseline 0.001 -13"><span class='ocrx_word' id='word_1_37' title='bbox 141 2105 309 2166; x_wconf 90' lang='lat' dir='ltr'><strong>eloquentiam</strong></span> <span class='ocrx_word' id='word_1_38' title='bbox 327 2105 417 2153; x_wconf 87' lang='lat' dir='ltr'><strong>sectari</strong></span> <span class='ocrx_word' id='word_1_39' title='bbox 435 2103 574 2166; x_wconf 85' lang='lat' dir='ltr'><strong>profitetur.</strong></span> <span class='ocrx_word' id='word_1_40' title='bbox 608 2107 678 2152; x_wconf 81' lang='lat'><strong>5-7.</strong></span> <span class='ocrx_word' id='word_1_41' title='bbox 697 2104 775 2152; x_wconf 89' lang='lat' dir='ltr'><strong>Instat</strong></span> <span class='ocrx_word' id='word_1_42' title='bbox 788 2106 863 2166; x_wconf 83' lang='lat' dir='ltr'><strong>Aper,</strong></span> <span class='ocrx_word' id='word_1_43' title='bbox 882 2111 908 2152; x_wconf 89' lang='lat' dir='ltr'><strong>et</strong></span> <span class='ocrx_word' id='word_1_44' title='bbox 927 2108 1035 2154; x_wconf 83' lang='lat' dir='ltr'><strong>oratoriae</strong></span> <span class='ocrx_word' id='word_1_45' title='bbox 1054 2109 1114 2154; x_wconf 88' lang='lat' dir='ltr'><strong>artis</strong></span> 
     </span>
     <span class='ocr_line' id='line_1_11' title="bbox 139 2167 1115 2232; baseline 0.001 -16"><span class='ocrx_word' id='word_1_46' title='bbox 139 2169 282 2224; x_wconf 79' lang='lat' dir='ltr'><strong>utilitatem,</strong></span> <span class='ocrx_word' id='word_1_47' title='bbox 290 2167 454 2230; x_wconf 84' lang='lat' dir='ltr'><strong>voluptatem,</strong></span> <span class='ocrx_word' id='word_1_48' title='bbox 464 2167 610 2230; x_wconf 90' lang='lat' dir='ltr'><strong>dignitatem</strong></span> <span class='ocrx_word' id='word_1_49' title='bbox 622 2167 742 2224; x_wconf 78' lang='lat' dir='ltr'><strong>celebrat,</strong></span> <span class='ocrx_word' id='word_1_50' title='bbox 758 2169 833 2229; x_wconf 91' lang='lat' dir='ltr'><strong>idque</strong></span> <span class='ocrx_word' id='word_1_51' title='bbox 845 2170 867 2215; x_wconf 86' lang='lat'><strong>8.</strong></span> <span class='ocrx_word' id='word_1_52' title='bbox 881 2167 998 2216; x_wconf 82' lang='lat' dir='ltr'><strong>Marcelli</strong></span> <span class='ocrx_word' id='word_1_53' title='bbox 1010 2169 1078 2232; x_wconf 87' lang='lat' dir='ltr'><strong>Eprii</strong></span> <span class='ocrx_word' id='word_1_54' title='bbox 1087 2176 1115 2218; x_wconf 91' lang='lat' dir='ltr'><strong>et</strong></span> 
     </span>
     <span class='ocr_line' id='line_1_12' title="bbox 141 2229 1113 2295; baseline 0.002 -17"><span class='ocrx_word' id='word_1_55' title='bbox 141 2231 221 2294; x_wconf 83' lang='lat' dir='ltr'><strong>Crispi</strong></span> <span class='ocrx_word' id='word_1_56' title='bbox 234 2231 300 2278; x_wconf 88' lang='lat' dir='ltr'><strong>Vibii</strong></span> <span class='ocrx_word' id='word_1_57' title='bbox 312 2231 436 2292; x_wconf 79' lang='lat' dir='ltr'><strong>exemplis</strong></span> <span class='ocrx_word' id='word_1_58' title='bbox 447 2231 604 2292; x_wconf 83' lang='lat' dir='ltr'><strong>comprobat3</strong></span> <span class='ocrx_word' id='word_1_59' title='bbox 621 2233 644 2278; x_wconf 87' lang='grc'><strong>9.</strong></span> <span class='ocrx_word' id='word_1_60' title='bbox 657 2229 743 2278; x_wconf 77' lang='lat' dir='ltr'><strong>contra</strong></span> <span class='ocrx_word' id='word_1_61' title='bbox 755 2233 865 2280; x_wconf 87' lang='lat' dir='ltr'><strong>carmina</strong></span> <span class='ocrx_word' id='word_1_62' title='bbox 880 2233 998 2295; x_wconf 86' lang='lat' dir='ltr'><strong>dignitate</strong></span> <span class='ocrx_word' id='word_1_63' title='bbox 1009 2240 1035 2280; x_wconf 89' lang='lat' dir='ltr'><strong>et</strong></span> <span class='ocrx_word' id='word_1_64' title='bbox 1046 2233 1113 2280; x_wconf 91' lang='lat' dir='ltr'><strong>utili·</strong></span> 
     </span>
     <span class='ocr_line' id='line_1_13' title="bbox 142 2293 1114 2358; baseline -0.001 -14"><span class='ocrx_word' id='word_1_65' title='bbox 142 2300 192 2344; x_wconf 89' lang='lat' dir='ltr'><strong>tate</strong></span> <span class='ocrx_word' id='word_1_66' title='bbox 204 2295 313 2354; x_wconf 86' lang='lat' dir='ltr'><strong>destitui,</strong></span> <span class='ocrx_word' id='word_1_67' title='bbox 324 2307 373 2342; x_wconf 89' lang='lat' dir='ltr'><strong>uec</strong></span> <span class='ocrx_word' id='word_1_68' title='bbox 382 2293 428 2342; x_wconf 89' lang='lat' dir='ltr'><strong>nisi</strong></span> <span class='ocrx_word' id='word_1_69' title='bbox 440 2293 538 2342; x_wconf 90' lang='lat' dir='ltr'><strong>laudem</strong></span> <span class='ocrx_word' id='word_1_70' title='bbox 548 2295 647 2342; x_wconf 89' lang='lat' dir='ltr'><strong>inanem</strong></span> <span class='ocrx_word' id='word_1_71' title='bbox 657 2295 715 2342; x_wconf 92' lang='lat' dir='ltr'><strong>dare</strong></span> <span class='ocrx_word' id='word_1_72' title='bbox 728 2301 753 2341; x_wconf 91' lang='lat' dir='ltr'><strong>et</strong></span> <span class='ocrx_word' id='word_1_73' title='bbox 765 2297 883 2358; x_wconf 86' lang='lat' dir='ltr'><strong>gaudium</strong></span> <span class='ocrx_word' id='word_1_74' title='bbox 895 2297 1006 2342; x_wconf 88' lang='lat' dir='ltr'><strong>volucre.</strong></span> <span class='ocrx_word' id='word_1_75' title='bbox 1025 2296 1114 2344; x_wconf 87' lang='lat' dir='ltr'><strong>Laude</strong></span> 
     </span>
     <span class='ocr_line' id='line_1_14' title="bbox 142 2355 1114 2424; baseline -0.001 -16"><span class='ocrx_word' id='word_1_76' title='bbox 142 2361 242 2424; x_wconf 87' lang='lat' dir='ltr'><strong>dignam</strong></span> <span class='ocrx_word' id='word_1_77' title='bbox 254 2373 308 2408; x_wconf 84' lang='lat' dir='ltr'><strong>esse</strong></span> <span class='ocrx_word' id='word_1_78' title='bbox 321 2355 467 2422; x_wconf 81' lang='lat' dir='ltr'><strong>Vespasiani</strong></span> <span class='ocrx_word' id='word_1_79' title='bbox 479 2357 653 2406; x_wconf 82' lang='lat' dir='ltr'><strong>liberalitatem</strong></span> <span class='ocrx_word' id='word_1_80' title='bbox 665 2357 691 2405; x_wconf 92' lang='lat' dir='ltr'><strong>in</strong></span> <span class='ocrx_word' id='word_1_81' title='bbox 704 2365 786 2406; x_wconf 85' lang='lat' dir='ltr'><strong>vatem</strong></span> <span class='ocrx_word' id='word_1_82' title='bbox 800 2358 909 2406; x_wconf 87' lang='lat' dir='ltr'><strong>Saleium</strong></span> <span class='ocrx_word' id='word_1_83' title='bbox 920 2359 1023 2406; x_wconf 90' lang='lat' dir='ltr'><strong>Bessum</strong></span> <span class='ocrx_word' id='word_1_84' title='bbox 1034 2375 1040 2419; x_wconf 80' lang='lat'>3</span> <span class='ocrx_word' id='word_1_85' title='bbox 1059 2361 1114 2421; x_wconf 90' lang='lat' dir='ltr'><strong>pul-</strong></span> 
     </span>
     <span class='ocr_line' id='line_1_15' title="bbox 141 2422 1112 2486; baseline -0.001 -14"><span class='ocrx_word' id='word_1_86' title='bbox 141 2423 227 2472; x_wconf 88' lang='lat' dir='ltr'><strong>chrius</strong></span> <span class='ocrx_word' id='word_1_87' title='bbox 243 2429 328 2472; x_wconf 87' lang='lat' dir='ltr'><strong>tamen</strong></span> <span class='ocrx_word' id='word_1_88' title='bbox 344 2437 409 2480; x_wconf 87' lang='lat' dir='ltr'><strong>esse,</strong></span> <span class='ocrx_word' id='word_1_89' title='bbox 426 2422 470 2470; x_wconf 86' lang='lat' dir='ltr'><strong>sibi</strong></span> <span class='ocrx_word' id='word_1_90' title='bbox 488 2422 534 2486; x_wconf 89' lang='lat' dir='ltr'><strong>ipsi</strong></span> <span class='ocrx_word' id='word_1_91' title='bbox 553 2423 694 2484; x_wconf 81' lang='lat' dir='ltr'><strong>prospicere</strong></span> <span class='ocrx_word' id='word_1_92' title='bbox 712 2425 828 2470; x_wconf 85' lang='lat' dir='ltr'><strong>etenum</strong></span> <span class='ocrx_word' id='word_1_93' title='bbox 847 2423 950 2486; x_wconf 84' lang='lat' dir='ltr'><strong>genium</strong></span> <span class='ocrx_word' id='word_1_94' title='bbox 972 2424 1112 2484; x_wconf 86' lang='lat' dir='ltr'><strong>propitiare.</strong></span> 
     </span>
     <span class='ocr_line' id='line_1_16' title="bbox 142 2485 1113 2550; baseline -0.001 -15"><span class='ocrx_word' id='word_1_95' title='bbox 142 2487 201 2535; x_wconf 92' lang='lat' dir='ltr'><strong>Nec</strong></span> <span class='ocrx_word' id='word_1_96' title='bbox 213 2487 346 2549; x_wconf 84' lang='lat' dir='ltr'><strong>voluptatis</strong></span> <span class='ocrx_word' id='word_1_97' title='bbox 358 2489 492 2550; x_wconf 88' lang='lat' dir='ltr'><strong>quicquam</strong></span> <span class='ocrx_word' id='word_1_98' title='bbox 505 2487 616 2548; x_wconf 87' lang='lat' dir='ltr'><strong>praebere</strong></span> <span class='ocrx_word' id='word_1_99' title='bbox 634 2485 765 2546; x_wconf 89' lang='lat' dir='ltr'><strong>poeticam,</strong></span> <span class='ocrx_word' id='word_1_100' title='bbox 777 2487 869 2548; x_wconf 90' lang='lat' dir='ltr'><strong>quippe</strong></span> <span class='ocrx_word' id='word_1_101' title='bbox 880 2487 979 2534; x_wconf 88' lang='lat' dir='ltr'><strong>vatibus</strong></span> <span class='ocrx_word' id='word_1_102' title='bbox 990 2487 1015 2533; x_wconf 90' lang='lat' dir='ltr'><strong>in</strong></span> <span class='ocrx_word' id='word_1_103' title='bbox 1027 2487 1113 2534; x_wconf 88' lang='lat' dir='ltr'><strong>solitu·</strong></span> 
     </span>
     <span class='ocr_line' id='line_1_17' title="bbox 141 2549 1114 2610; baseline 0 -12"><span class='ocrx_word' id='word_1_104' title='bbox 141 2551 226 2600; x_wconf 89' lang='lat' dir='ltr'><strong>dinem</strong></span> <span class='ocrx_word' id='word_1_105' title='bbox 237 2552 268 2600; x_wconf 91' lang='lat' dir='ltr'><strong>sit</strong></span> <span class='ocrx_word' id='word_1_106' title='bbox 280 2551 458 2606; x_wconf 88' lang='lat' dir='ltr'><strong>secedendum,</strong></span> <span class='ocrx_word' id='word_1_107' title='bbox 470 2551 508 2596; x_wconf 94' lang='lat'><strong>10.</strong></span> <span class='ocrx_word' id='word_1_108' title='bbox 521 2555 574 2596; x_wconf 88' lang='lat' dir='ltr'><strong>tum</strong></span> <span class='ocrx_word' id='word_1_109' title='bbox 586 2556 670 2610; x_wconf 79' lang='lat' dir='ltr'><strong>poetam</strong></span> <span class='ocrx_word' id='word_1_110' title='bbox 681 2563 736 2596; x_wconf 87' lang='lat' dir='ltr'><strong>esse</strong></span> <span class='ocrx_word' id='word_1_111' title='bbox 747 2549 845 2596; x_wconf 83' lang='lat' dir='ltr'><strong>offensis</strong></span> <span class='ocrx_word' id='word_1_112' title='bbox 856 2549 981 2596; x_wconf 86' lang='lat' dir='ltr'><strong>obnoxios.</strong></span> <span class='ocrx_word' id='word_1_113' title='bbox 1016 2549 1114 2598; x_wconf 85' lang='lat' dir='ltr'><strong>Mater·</strong></span> 
     </span>
     <span class='ocr_line' id='line_1_18' title="bbox 140 2611 1114 2675; baseline 0 -13"><span class='ocrx_word' id='word_1_114' title='bbox 140 2627 202 2662; x_wconf 89' lang='lat' dir='ltr'><strong>num</strong></span> <span class='ocrx_word' id='word_1_115' title='bbox 214 2614 316 2675; x_wconf 83' lang='lat' dir='ltr'><strong>proinde</strong></span> <span class='ocrx_word' id='word_1_116' title='bbox 328 2613 419 2662; x_wconf 84' lang='lat' dir='ltr'><strong>rectibs</strong></span> <span class='ocrx_word' id='word_1_117' title='bbox 428 2618 553 2668; x_wconf 85' lang='lat' dir='ltr'><strong>acturum,</strong></span> <span class='ocrx_word' id='word_1_118' title='bbox 564 2613 585 2660; x_wconf 92' lang='lat' dir='ltr'><strong>si</strong></span> <span class='ocrx_word' id='word_1_119' title='bbox 596 2613 626 2659; x_wconf 87' lang='lat' dir='ltr'><strong>ab</strong></span> <span class='ocrx_word' id='word_1_120' title='bbox 636 2611 760 2659; x_wconf 88' lang='lat' dir='ltr'><strong>auditoriis</strong></span> <span class='ocrx_word' id='word_1_121' title='bbox 772 2613 907 2660; x_wconf 88' lang='lat' dir='ltr'><strong>ettbeatris</strong></span> <span class='ocrx_word' id='word_1_122' title='bbox 917 2613 943 2660; x_wconf 92' lang='lat' dir='ltr'><strong>iu</strong></span> <span class='ocrx_word' id='word_1_123' title='bbox 955 2611 1036 2662; x_wconf 86' lang='lat' dir='ltr'><strong>sorum</strong></span> <span class='ocrx_word' id='word_1_124' title='bbox 1048 2615 1114 2662; x_wconf 87' lang='lat' dir='ltr'><strong>etad</strong></span> 
     </span>
     <span class='ocr_line' id='line_1_19' title="bbox 142 2677 334 2724; baseline 0 -2"><span class='ocrx_word' id='word_1_125' title='bbox 142 2689 229 2724; x_wconf 87' lang='lat' dir='ltr'><strong>causas</strong></span> <span class='ocrx_word' id='word_1_126' title='bbox 241 2677 334 2722; x_wconf 88' lang='lat' dir='ltr'><strong>redeat.</strong></span> 
     </span>
    </p>

    <p class='ocr_par' dir='ltr' id='par_1_7' title="bbox 110 2735 1113 3042">
     <span class='ocr_line' id='line_1_20' title="bbox 110 2735 1113 2802; baseline 0.002 -16"><span class='ocrx_word' id='word_1_127' title='bbox 110 2739 212 2786; x_wconf 79' lang='lat'><strong>11-13.</strong></span> <span class='ocrx_word' id='word_1_128' title='bbox 231 2737 363 2786; x_wconf 85' lang='lat' dir='ltr'><strong>Maternus</strong></span> <span class='ocrx_word' id='word_1_129' title='bbox 375 2735 470 2793; x_wconf 82' lang='lat' dir='ltr'><strong>contrd‚</strong></span> <span class='ocrx_word' id='word_1_130' title='bbox 482 2739 584 2798; x_wconf 79' lang='lat' dir='ltr'><strong>poetice</strong></span> <span class='ocrx_word' id='word_1_131' title='bbox 596 2738 704 2785; x_wconf 89' lang='lat' dir='ltr'><strong>studium</strong></span> <span class='ocrx_word' id='word_1_132' title='bbox 726 2737 885 2786; x_wconf 86' lang='lat' dir='ltr'><strong>securitatem</strong></span> <span class='ocrx_word' id='word_1_133' title='bbox 898 2745 1015 2802; x_wconf 83' lang='lat' dir='ltr'><strong>praestare</strong></span> <span class='ocrx_word' id='word_1_134' title='bbox 1033 2746 1059 2788; x_wconf 92' lang='lat' dir='ltr'><strong>et</strong></span> <span class='ocrx_word' id='word_1_135' title='bbox 1076 2741 1113 2788; x_wconf 91' lang='lat' dir='ltr'><strong>in·</strong></span> 
     </span>
     <span class='ocr_line' id='line_1_21' title="bbox 141 2799 1113 2865; baseline 0.004 -17"><span class='ocrx_word' id='word_1_136' title='bbox 141 2801 291 2860; x_wconf 86' lang='lat' dir='ltr'><strong>nocentiam,</strong></span> <span class='ocrx_word' id='word_1_137' title='bbox 304 2801 420 2863; x_wconf 88' lang='lat' dir='ltr'><strong>majorem</strong></span> <span class='ocrx_word' id='word_1_138' title='bbox 438 2815 538 2862; x_wconf 91' lang='lat' dir='ltr'><strong>quoque</strong></span> <span class='ocrx_word' id='word_1_139' title='bbox 559 2802 671 2865; x_wconf 88' lang='lat' dir='ltr'><strong>gloriam,</strong></span> <span class='ocrx_word' id='word_1_140' title='bbox 688 2799 765 2862; x_wconf 70' lang='lat' dir='ltr'><strong>quam</strong></span> <span class='ocrx_word' id='word_1_141' title='bbox 777 2800 879 2850; x_wconf 81' lang='lat' dir='ltr'><strong>lorensis</strong></span> <span class='ocrx_word' id='word_1_142' title='bbox 900 2803 968 2850; x_wconf 92' lang='lat' dir='ltr'><strong>labor</strong></span> <span class='ocrx_word' id='word_1_143' title='bbox 984 2805 1113 2862; x_wconf 88' lang='lat' dir='ltr'><strong>concedat,</strong></span> 
     </span>
     <span class='ocr_line' id='line_1_22' title="bbox 141 2865 1111 2928; baseline 0.004 -16"><span class='ocrx_word' id='word_1_144' title='bbox 141 2866 206 2926; x_wconf 92' lang='lat' dir='ltr'><strong>quod</strong></span> <span class='ocrx_word' id='word_1_145' title='bbox 219 2865 288 2912; x_wconf 89' lang='lat' dir='ltr'><strong>aurei</strong></span> <span class='ocrx_word' id='word_1_146' title='bbox 307 2865 393 2912; x_wconf 75' lang='lat' dir='ltr'><strong>seculi</strong></span> <span class='ocrx_word' id='word_1_147' title='bbox 409 2865 526 2926; x_wconf 83' lang='lat' dir='ltr'><strong>exemplo</strong></span> <span class='ocrx_word' id='word_1_148' title='bbox 537 2871 640 2914; x_wconf 88' lang='lat' dir='ltr'><strong>constet.</strong></span> <span class='ocrx_word' id='word_1_149' title='bbox 674 2865 833 2927; x_wconf 90' lang='lat' dir='ltr'><strong>Voluptatem</strong></span> <span class='ocrx_word' id='word_1_150' title='bbox 851 2880 922 2928; x_wconf 92' lang='lat' dir='ltr'><strong>porro</strong></span> <span class='ocrx_word' id='word_1_151' title='bbox 938 2869 1064 2928; x_wconf 89' lang='lat' dir='ltr'><strong>puriorem</strong></span> <span class='ocrx_word' id='word_1_152' title='bbox 1076 2868 1111 2916; x_wconf 85' lang='lat' dir='ltr'><strong>af·</strong></span> 
     </span>
     <span class='ocr_line' id='line_1_23' title="bbox 141 2927 1111 2992; baseline 0.004 -16"><span class='ocrx_word' id='word_1_153' title='bbox 141 2927 207 2976; x_wconf 83' lang='lat' dir='ltr'><strong>ferre</strong></span> <span class='ocrx_word' id='word_1_154' title='bbox 224 2942 350 2976; x_wconf 88' lang='lat' dir='ltr'><strong>secessum</strong></span> <span class='ocrx_word' id='word_1_155' title='bbox 362 2928 388 2976; x_wconf 90' lang='lat' dir='ltr'><strong>iu</strong></span> <span class='ocrx_word' id='word_1_156' title='bbox 400 2944 500 2977; x_wconf 88' lang='lat' dir='ltr'><strong>nemora</strong></span> <span class='ocrx_word' id='word_1_157' title='bbox 512 2933 537 2977; x_wconf 93' lang='lat' dir='ltr'><strong>et</strong></span> <span class='ocrx_word' id='word_1_158' title='bbox 553 2931 632 2987; x_wconf 89' lang='lat' dir='ltr'><strong>lucos,</strong></span> <span class='ocrx_word' id='word_1_159' title='bbox 644 2927 719 2990; x_wconf 77' lang='lat' dir='ltr'><strong>quim</strong></span> <span class='ocrx_word' id='word_1_160' title='bbox 732 2929 921 2992; x_wconf 83' lang='lat' dir='ltr'><strong>sanguinantem</strong></span> <span class='ocrx_word' id='word_1_161' title='bbox 934 2931 1111 2992; x_wconf 88' lang='lat' dir='ltr'><strong>eloquentiam.</strong></span> 
     </span>
     <span class='ocr_line' id='line_1_24' title="bbox 142 2991 1014 3042; baseline 0.001 -2"><span class='ocrx_word' id='word_1_162' title='bbox 142 2991 239 3040; x_wconf 90' lang='lat' dir='ltr'><strong>Dulces</strong></span> <span class='ocrx_word' id='word_1_163' title='bbox 251 2991 340 3041; x_wconf 86' lang='lat' dir='ltr'><strong>Musas</strong></span> <span class='ocrx_word' id='word_1_164' title='bbox 351 3007 469 3041; x_wconf 86' lang='lat' dir='ltr'><strong>revocare</strong></span> <span class='ocrx_word' id='word_1_165' title='bbox 480 3007 538 3040; x_wconf 91' lang='lat' dir='ltr'><strong>suos</strong></span> <span class='ocrx_word' id='word_1_166' title='bbox 550 2994 658 3041; x_wconf 88' lang='lat' dir='ltr'><strong>cultores</strong></span> <span class='ocrx_word' id='word_1_167' title='bbox 669 3007 683 3040; x_wconf 90' lang='lat' dir='ltr'><strong>a</strong></span> <span class='ocrx_word' id='word_1_168' title='bbox 694 2993 890 3042; x_wconf 88' lang='lat' dir='ltr'><strong>solicitudinibus</strong></span> <span class='ocrx_word' id='word_1_169' title='bbox 901 3000 928 3042; x_wconf 93' lang='lat' dir='ltr'><strong>et</strong></span> <span class='ocrx_word' id='word_1_170' title='bbox 939 2997 1014 3042; x_wconf 88' lang='lat' dir='ltr'><strong>curis.</strong></span> 
     </span>
    </p>

    <p class='ocr_par' dir='ltr' id='par_1_8' title="bbox 111 3056 1113 4008">
     <span class='ocr_line' id='line_1_25' title="bbox 111 3056 1112 3120; baseline -0.002 -12"><span class='ocrx_word' id='word_1_171' title='bbox 111 3061 149 3108; x_wconf 76' lang='lat'><strong>14.</strong></span> <span class='ocrx_word' id='word_1_172' title='bbox 167 3056 319 3120; x_wconf 86' lang='lat' dir='ltr'><strong>Supervenit</strong></span> <span class='ocrx_word' id='word_1_173' title='bbox 330 3057 466 3119; x_wconf 81' lang='lat' dir='ltr'><strong>Vipstanus</strong></span> <span class='ocrx_word' id='word_1_174' title='bbox 486 3056 603 3104; x_wconf 86' lang='lat' dir='ltr'><strong>Messala.</strong></span> <span class='ocrx_word' id='word_1_175' title='bbox 638 3057 671 3116; x_wconf 86' lang='lat' dir='ltr'><strong>Is,</strong></span> <span class='ocrx_word' id='word_1_176' title='bbox 692 3057 849 3118; x_wconf 86' lang='lat' dir='ltr'><strong>antiquorum</strong></span> <span class='ocrx_word' id='word_1_177' title='bbox 862 3058 1001 3115; x_wconf 88' lang='lat' dir='ltr'><strong>admirator,</strong></span> <span class='ocrx_word' id='word_1_178' title='bbox 1013 3059 1112 3119; x_wconf 81' lang='lat' dir='ltr'><strong>Aprum</strong></span> 
     </span>
     <span class='ocr_line' id='line_1_26' title="bbox 141 3117 1112 3172; baseline 0.001 -2"><span class='ocrx_word' id='word_1_179' title='bbox 141 3136 156 3170; x_wconf 89' lang='lat' dir='ltr'><strong>a</strong></span> <span class='ocrx_word' id='word_1_180' title='bbox 167 3135 287 3172; x_wconf 88' lang='lat' dir='ltr'><strong>novorum</strong></span> <span class='ocrx_word' id='word_1_181' title='bbox 300 3119 428 3168; x_wconf 88' lang='lat' dir='ltr'><strong>rhetorum</strong></span> <span class='ocrx_word' id='word_1_182' title='bbox 440 3134 508 3168; x_wconf 89' lang='lat' dir='ltr'><strong>more</strong></span> <span class='ocrx_word' id='word_1_183' title='bbox 518 3121 548 3166; x_wconf 88' lang='lat' dir='ltr'><strong>ed</strong></span> <span class='ocrx_word' id='word_1_184' title='bbox 557 3125 669 3167; x_wconf 90' lang='lat' dir='ltr'><strong>veterem</strong></span> <span class='ocrx_word' id='word_1_185' title='bbox 677 3117 779 3166; x_wconf 80' lang='lat' dir='ltr'><strong>sormam</strong></span> <span class='ocrx_word' id='word_1_186' title='bbox 788 3119 886 3168; x_wconf 86' lang='lat' dir='ltr'><strong>trahere</strong></span> <span class='ocrx_word' id='word_1_187' title='bbox 896 3121 990 3168; x_wconf 89' lang='lat' dir='ltr'><strong>nititur.</strong></span> <span class='ocrx_word' id='word_1_188' title='bbox 1009 3124 1112 3171; x_wconf 82' lang='lat'><strong>15—18.</strong></span> 
     </span>
     <span class='ocr_line' id='line_1_27' title="bbox 141 3183 1112 3250; baseline -0.001 -16"><span class='ocrx_word' id='word_1_189' title='bbox 141 3187 211 3250; x_wconf 83' lang='lat' dir='ltr'><strong>Aper</strong></span> <span class='ocrx_word' id='word_1_190' title='bbox 224 3197 365 3248; x_wconf 83' lang='lat' dir='ltr'><strong>repugnans</strong></span> <span class='ocrx_word' id='word_1_191' title='bbox 377 3189 460 3231; x_wconf 89' lang='lat' dir='ltr'><strong>movet</strong></span> <span class='ocrx_word' id='word_1_192' title='bbox 479 3184 650 3244; x_wconf 84' lang='lat' dir='ltr'><strong>quaestionem,</strong></span> <span class='ocrx_word' id='word_1_193' title='bbox 659 3183 759 3244; x_wconf 90' lang='lat' dir='ltr'><strong>quinam</strong></span> <span class='ocrx_word' id='word_1_194' title='bbox 777 3190 885 3231; x_wconf 86' lang='lat' dir='ltr'><strong>oratores</strong></span> <span class='ocrx_word' id='word_1_195' title='bbox 894 3186 996 3232; x_wconf 87' lang='lat' dir='ltr'><strong>vocandi</strong></span> <span class='ocrx_word' id='word_1_196' title='bbox 1008 3186 1057 3232; x_wconf 89' lang='lat' dir='ltr'><strong>sint</strong></span> <span class='ocrx_word' id='word_1_197' title='bbox 1068 3200 1112 3234; x_wconf 87' lang='lat' dir='ltr'><strong>au·</strong></span> 
     </span>
     <span class='ocr_line' id='line_1_28' title="bbox 142 3246 1113 3312; baseline -0.002 -14"><span class='ocrx_word' id='word_1_198' title='bbox 142 3250 214 3312; x_wconf 89' lang='lat' dir='ltr'><strong>tiqui.</strong></span> <span class='ocrx_word' id='word_1_199' title='bbox 248 3247 303 3296; x_wconf 88' lang='lat' dir='ltr'><strong>Hos</strong></span> <span class='ocrx_word' id='word_1_200' title='bbox 315 3253 467 3296; x_wconf 87' lang='lat' dir='ltr'><strong>venerantur</strong></span> <span class='ocrx_word' id='word_1_201' title='bbox 479 3246 598 3304; x_wconf 86' lang='lat' dir='ltr'><strong>Messala,</strong></span> <span class='ocrx_word' id='word_1_202' title='bbox 611 3246 750 3303; x_wconf 87' lang='lat' dir='ltr'><strong>Secundus,</strong></span> <span class='ocrx_word' id='word_1_203' title='bbox 769 3247 908 3296; x_wconf 89' lang='lat' dir='ltr'><strong>Maternus.</strong></span> <span class='ocrx_word' id='word_1_204' title='bbox 943 3248 1015 3309; x_wconf 88' lang='lat' dir='ltr'><strong>Aper</strong></span> <span class='ocrx_word' id='word_1_205' title='bbox 1026 3251 1113 3296; x_wconf 71' lang='lat' dir='ltr'><strong>seculi</strong></span> 
     </span>
     <span class='ocr_line' id='line_1_29' title="bbox 141 3311 1112 3376; baseline 0 -14"><span class='ocrx_word' id='word_1_206' title='bbox 141 3315 181 3362; x_wconf 87' lang='lat' dir='ltr'><strong>sui</strong></span> <span class='ocrx_word' id='word_1_207' title='bbox 193 3317 274 3376; x_wconf 89' lang='lat' dir='ltr'><strong>partes</strong></span> <span class='ocrx_word' id='word_1_208' title='bbox 286 3317 381 3368; x_wconf 89' lang='lat' dir='ltr'><strong>tuetur,</strong></span> <span class='ocrx_word' id='word_1_209' title='bbox 400 3325 449 3358; x_wconf 89' lang='lat' dir='ltr'><strong>nec</strong></span> <span class='ocrx_word' id='word_1_210' title='bbox 459 3316 559 3358; x_wconf 86' lang='lat' dir='ltr'><strong>veteres</strong></span> <span class='ocrx_word' id='word_1_211' title='bbox 576 3324 630 3358; x_wconf 90' lang='lat' dir='ltr'><strong>esse</strong></span> <span class='ocrx_word' id='word_1_212' title='bbox 647 3311 763 3358; x_wconf 88' lang='lat' dir='ltr'><strong>dicendos</strong></span> <span class='ocrx_word' id='word_1_213' title='bbox 775 3311 881 3373; x_wconf 87' lang='lat' dir='ltr'><strong>judicat,</strong></span> <span class='ocrx_word' id='word_1_214' title='bbox 901 3325 962 3373; x_wconf 85' lang='lat' dir='ltr'><strong>quos</strong></span> <span class='ocrx_word' id='word_1_215' title='bbox 974 3313 1112 3362; x_wconf 90' lang='lat' dir='ltr'><strong>eorundem</strong></span> 
     </span>
     <span class='ocr_line' id='line_1_30' title="bbox 141 3375 1111 3437; baseline -0.001 -12"><span class='ocrx_word' id='word_1_216' title='bbox 141 3377 270 3425; x_wconf 86' lang='lat' dir='ltr'><strong>hominurn</strong></span> <span class='ocrx_word' id='word_1_217' title='bbox 288 3390 362 3424; x_wconf 88' lang='lat' dir='ltr'><strong>aures</strong></span> <span class='ocrx_word' id='word_1_218' title='bbox 378 3389 513 3437; x_wconf 86' lang='lat' dir='ltr'><strong>agnoscere</strong></span> <span class='ocrx_word' id='word_1_219' title='bbox 533 3375 665 3436; x_wconf 89' lang='lat' dir='ltr'><strong>potuerint.</strong></span> <span class='ocrx_word' id='word_1_220' title='bbox 699 3375 846 3422; x_wconf 88' lang='lat' dir='ltr'><strong>Ciceronem</strong></span> <span class='ocrx_word' id='word_1_221' title='bbox 863 3381 889 3422; x_wconf 95' lang='lat' dir='ltr'><strong>et</strong></span> <span class='ocrx_word' id='word_1_222' title='bbox 900 3381 1046 3431; x_wconf 88' lang='lat' dir='ltr'><strong>coaetaneos,</strong></span> <span class='ocrx_word' id='word_1_223' title='bbox 1058 3375 1111 3424; x_wconf 74' lang='lat' dir='ltr'><strong>sere</strong></span> 
     </span>
     <span class='ocr_line' id='line_1_31' title="bbox 140 3438 1112 3501; baseline 0.001 -14"><span class='ocrx_word' id='word_1_224' title='bbox 140 3439 166 3487; x_wconf 91' lang='lat' dir='ltr'><strong>in</strong></span> <span class='ocrx_word' id='word_1_225' title='bbox 178 3441 258 3488; x_wconf 86' lang='lat' dir='ltr'><strong>modio</strong></span> <span class='ocrx_word' id='word_1_226' title='bbox 270 3441 367 3501; x_wconf 91' lang='lat' dir='ltr'><strong>positos,</strong></span> <span class='ocrx_word' id='word_1_227' title='bbox 379 3439 409 3486; x_wconf 92' lang='lat' dir='ltr'><strong>ab</strong></span> <span class='ocrx_word' id='word_1_228' title='bbox 421 3438 577 3499; x_wconf 90' lang='lat' dir='ltr'><strong>antiquorum</strong></span> <span class='ocrx_word' id='word_1_229' title='bbox 589 3438 689 3485; x_wconf 88' lang='lat' dir='ltr'><strong>asseclis</strong></span> <span class='ocrx_word' id='word_1_230' title='bbox 700 3438 751 3485; x_wconf 91' lang='lat' dir='ltr'><strong>istis</strong></span> <span class='ocrx_word' id='word_1_231' title='bbox 762 3439 898 3486; x_wconf 86' lang='lat' dir='ltr'><strong>accenseri.</strong></span> <span class='ocrx_word' id='word_1_232' title='bbox 932 3439 962 3487; x_wconf 89' lang='lat' dir='ltr'><strong>lu</strong></span> <span class='ocrx_word' id='word_1_233' title='bbox 974 3439 1003 3485; x_wconf 87' lang='lat' dir='ltr'><strong>iis</strong></span> <span class='ocrx_word' id='word_1_234' title='bbox 1015 3440 1057 3500; x_wconf 93' lang='lat' dir='ltr'><strong>qui</strong></span> <span class='ocrx_word' id='word_1_235' title='bbox 1069 3454 1112 3488; x_wconf 90' lang='lat' dir='ltr'><strong>vo·</strong></span> 
     </span>
     <span class='ocr_line' id='line_1_32' title="bbox 142 3501 1111 3565; baseline 0.002 -16"><span class='ocrx_word' id='word_1_236' title='bbox 142 3509 232 3551; x_wconf 91' lang='lat' dir='ltr'><strong>centur</strong></span> <span class='ocrx_word' id='word_1_237' title='bbox 243 3504 292 3550; x_wconf 85' lang='lat' dir='ltr'><strong>anti</strong></span> <span class='ocrx_word' id='word_1_238' title='bbox 312 3503 346 3559; x_wconf 85' lang='lat' dir='ltr'><strong>ui,</strong></span> <span class='ocrx_word' id='word_1_239' title='bbox 365 3502 450 3565; x_wconf 91' lang='lat' dir='ltr'><strong>piures</strong></span> <span class='ocrx_word' id='word_1_240' title='bbox 461 3501 613 3564; x_wconf 89' lang='lat' dir='ltr'><strong>deprehendi</strong></span> <span class='ocrx_word' id='word_1_241' title='bbox 622 3503 728 3563; x_wconf 89' lang='lat' dir='ltr'><strong>species,</strong></span> <span class='ocrx_word' id='word_1_242' title='bbox 739 3516 786 3548; x_wconf 91' lang='lat' dir='ltr'><strong>nec</strong></span> <span class='ocrx_word' id='word_1_243' title='bbox 798 3517 877 3549; x_wconf 91' lang='lat' dir='ltr'><strong>unum</strong></span> <span class='ocrx_word' id='word_1_244' title='bbox 889 3515 943 3550; x_wconf 87' lang='lat' dir='ltr'><strong>esse</strong></span> <span class='ocrx_word' id='word_1_245' title='bbox 961 3502 1111 3563; x_wconf 83' lang='lat' dir='ltr'><strong>eloquentiae</strong></span> 
     </span>
     <span class='ocr_line' id='line_1_33' title="bbox 142 3564 1113 3628; baseline 0.003 -16"><span class='ocrx_word' id='word_1_246' title='bbox 142 3566 251 3614; x_wconf 87' lang='lat' dir='ltr'><strong>vultum.</strong></span> <span class='ocrx_word' id='word_1_247' title='bbox 317 3567 444 3627; x_wconf 83' lang='lat' dir='ltr'><strong>alignitate</strong></span> <span class='ocrx_word' id='word_1_248' title='bbox 466 3564 577 3613; x_wconf 66' lang='lat' dir='ltr'><strong>humane</strong></span> <span class='ocrx_word' id='word_1_249' title='bbox 596 3570 682 3612; x_wconf 90' lang='lat' dir='ltr'><strong>vetera</strong></span> <span class='ocrx_word' id='word_1_250' title='bbox 700 3565 726 3612; x_wconf 91' lang='lat' dir='ltr'><strong>iu</strong></span> <span class='ocrx_word' id='word_1_251' title='bbox 737 3565 819 3622; x_wconf 88' lang='lat' dir='ltr'><strong>laude,</strong></span> <span class='ocrx_word' id='word_1_252' title='bbox 831 3567 962 3628; x_wconf 74' lang='lat' dir='ltr'><strong>presentia</strong></span> <span class='ocrx_word' id='word_1_253' title='bbox 979 3566 1003 3613; x_wconf 92' lang='lat' dir='ltr'><strong>ln</strong></span> <span class='ocrx_word' id='word_1_254' title='bbox 1016 3565 1113 3615; x_wconf 80' lang='lat' dir='ltr'><strong>fastidio</strong></span> 
     </span>
     <span class='ocr_line' id='line_1_34' title="bbox 143 3629 1112 3691; baseline 0.003 -15"><span class='ocrx_word' id='word_1_255' title='bbox 143 3642 206 3676; x_wconf 88' lang='lat' dir='ltr'><strong>esse.</strong></span> <span class='ocrx_word' id='word_1_256' title='bbox 242 3630 280 3676; x_wconf 80' lang='lat'><strong>19.</strong></span> <span class='ocrx_word' id='word_1_257' title='bbox 298 3629 411 3676; x_wconf 83' lang='lat' dir='ltr'><strong>Cassium</strong></span> <span class='ocrx_word' id='word_1_258' title='bbox 430 3630 566 3684; x_wconf 87' lang='lat' dir='ltr'><strong>Severum,</strong></span> <span class='ocrx_word' id='word_1_259' title='bbox 577 3643 652 3688; x_wconf 92' lang='lat' dir='ltr'><strong>quem</strong></span> <span class='ocrx_word' id='word_1_260' title='bbox 670 3631 804 3676; x_wconf 88' lang='lat' dir='ltr'><strong>terminum</strong></span> <span class='ocrx_word' id='word_1_261' title='bbox 825 3629 976 3691; x_wconf 88' lang='lat' dir='ltr'><strong>antiquitatis</strong></span> <span class='ocrx_word' id='word_1_262' title='bbox 993 3631 1112 3679; x_wconf 87' lang='lat' dir='ltr'><strong>constitu·</strong></span> 
     </span>
     <span class='ocr_line' id='line_1_35' title="bbox 145 3689 1113 3754; baseline 0.004 -16"><span class='ocrx_word' id='word_1_263' title='bbox 145 3698 196 3746; x_wconf 91' lang='lat' dir='ltr'><strong>aut,</strong></span> <span class='ocrx_word' id='word_1_264' title='bbox 208 3705 221 3737; x_wconf 89' lang='lat' dir='ltr'><strong>a</strong></span> <span class='ocrx_word' id='word_1_265' title='bbox 234 3697 320 3739; x_wconf 88' lang='lat' dir='ltr'><strong>vetere</strong></span> <span class='ocrx_word' id='word_1_266' title='bbox 330 3689 432 3740; x_wconf 83' lang='lat' dir='ltr'><strong>flexisse</strong></span> <span class='ocrx_word' id='word_1_267' title='bbox 444 3692 485 3740; x_wconf 75' lang='lat' dir='ltr'><strong>rid</strong></span> <span class='ocrx_word' id='word_1_268' title='bbox 498 3705 546 3740; x_wconf 91' lang='lat' dir='ltr'><strong>nou</strong></span> <span class='ocrx_word' id='word_1_269' title='bbox 564 3691 673 3748; x_wconf 79' lang='lat' dir='ltr'><strong>inscitid,</strong></span> <span class='ocrx_word' id='word_1_270' title='bbox 684 3693 726 3739; x_wconf 92' lang='lat' dir='ltr'><strong>sed</strong></span> <span class='ocrx_word' id='word_1_271' title='bbox 741 3691 836 3754; x_wconf 87' lang='lat' dir='ltr'><strong>judicio</strong></span> <span class='ocrx_word' id='word_1_272' title='bbox 848 3699 874 3741; x_wconf 92' lang='lat' dir='ltr'><strong>et</strong></span> <span class='ocrx_word' id='word_1_273' title='bbox 884 3693 1014 3741; x_wconf 89' lang='lat' dir='ltr'><strong>intellectu</strong></span> <span class='ocrx_word' id='word_1_274' title='bbox 1028 3709 1034 3752; x_wconf 86' lang='lat'>;</span> <span class='ocrx_word' id='word_1_275' title='bbox 1053 3709 1113 3742; x_wconf 90' lang='lat' dir='ltr'><strong>cum</strong></span> 
     </span>
     <span class='ocr_line' id='line_1_36' title="bbox 143 3754 1113 3818; baseline 0.004 -16"><span class='ocrx_word' id='word_1_276' title='bbox 143 3754 280 3802; x_wconf 86' lang='lat' dir='ltr'><strong>conditione</strong></span> <span class='ocrx_word' id='word_1_277' title='bbox 297 3757 437 3816; x_wconf 90' lang='lat' dir='ltr'><strong>temporum</strong></span> <span class='ocrx_word' id='word_1_278' title='bbox 449 3770 478 3803; x_wconf 87' lang='lat' dir='ltr'><strong>ae</strong></span> <span class='ocrx_word' id='word_1_279' title='bbox 489 3757 632 3803; x_wconf 89' lang='lat' dir='ltr'><strong>diversitate</strong></span> <span class='ocrx_word' id='word_1_280' title='bbox 652 3755 749 3802; x_wconf 69' lang='lat' dir='ltr'><strong>aunum</strong></span> <span class='ocrx_word' id='word_1_281' title='bbox 768 3755 869 3803; x_wconf 79' lang='lat' dir='ltr'><strong>formam</strong></span> <span class='ocrx_word' id='word_1_282' title='bbox 886 3771 985 3818; x_wconf 89' lang='lat' dir='ltr'><strong>quoque</strong></span> <span class='ocrx_word' id='word_1_283' title='bbox 997 3759 1113 3806; x_wconf 88' lang='lat' dir='ltr'><strong>orationis</strong></span> 
     </span>
     <span class='ocr_line' id='line_1_37' title="bbox 143 3817 1111 3882; baseline 0.002 -16"><span class='ocrx_word' id='word_1_284' title='bbox 143 3818 219 3866; x_wconf 79' lang='lat' dir='ltr'><strong>luisse</strong></span> <span class='ocrx_word' id='word_1_285' title='bbox 236 3817 387 3864; x_wconf 86' lang='lat' dir='ltr'><strong>mutandam.</strong></span> <span class='ocrx_word' id='word_1_286' title='bbox 420 3820 459 3866; x_wconf 78' lang='lat'><strong>2⁰.</strong></span> <span class='ocrx_word' id='word_1_287' title='bbox 478 3819 560 3866; x_wconf 89' lang='lat' dir='ltr'><strong>Variis</strong></span> <span class='ocrx_word' id='word_1_288' title='bbox 580 3819 699 3867; x_wconf 85' lang='lat' dir='ltr'><strong>scatuisso</strong></span> <span class='ocrx_word' id='word_1_289' title='bbox 722 3824 834 3876; x_wconf 88' lang='lat' dir='ltr'><strong>veterem</strong></span> <span class='ocrx_word' id='word_1_290' title='bbox 852 3821 1018 3882; x_wconf 87' lang='lat' dir='ltr'><strong>eloquentiam</strong></span> <span class='ocrx_word' id='word_1_291' title='bbox 1036 3822 1111 3869; x_wconf 84' lang='lat' dir='ltr'><strong>vitiis.</strong></span> 
     </span>
     <span class='ocr_line' id='line_1_38' title="bbox 143 3880 1111 3944; baseline 0.005 -16"><span class='ocrx_word' id='word_1_292' title='bbox 143 3880 291 3928; x_wconf 87' lang='lat' dir='ltr'><strong>Auditorum</strong></span> <span class='ocrx_word' id='word_1_293' title='bbox 301 3892 414 3926; x_wconf 88' lang='lat' dir='ltr'><strong>coronam</strong></span> <span class='ocrx_word' id='word_1_294' title='bbox 426 3882 530 3944; x_wconf 83' lang='lat' dir='ltr'><strong>exigere</strong></span> <span class='ocrx_word' id='word_1_295' title='bbox 537 3882 589 3944; x_wconf 91' lang='lat' dir='ltr'><strong>jam</strong></span> <span class='ocrx_word' id='word_1_296' title='bbox 602 3883 720 3930; x_wconf 74' lang='lat' dir='ltr'><strong>letiorem</strong></span> <span class='ocrx_word' id='word_1_297' title='bbox 730 3888 756 3928; x_wconf 91' lang='lat' dir='ltr'><strong>et</strong></span> <span class='ocrx_word' id='word_1_298' title='bbox 766 3882 934 3943; x_wconf 89' lang='lat' dir='ltr'><strong>pulchriorem</strong></span> <span class='ocrx_word' id='word_1_299' title='bbox 941 3886 1076 3932; x_wconf 86' lang='lat' dir='ltr'><strong>orationem</strong></span> <span class='ocrx_word' id='word_1_300' title='bbox 1085 3891 1111 3933; x_wconf 91' lang='lat' dir='ltr'><strong>et</strong></span> 
     </span>
     <span class='ocr_line' id='line_1_39' title="bbox 142 3941 1109 4008; baseline 0.004 -16"><span class='ocrx_word' id='word_1_301' title='bbox 142 3943 268 4006; x_wconf 89' lang='lat' dir='ltr'><strong>poeticum</strong></span> <span class='ocrx_word' id='word_1_302' title='bbox 278 3941 403 3989; x_wconf 88' lang='lat' dir='ltr'><strong>decorem.</strong></span> <span class='ocrx_word' id='word_1_303' title='bbox 435 3943 475 3991; x_wconf 86' lang='lat'><strong>21.</strong></span> <span class='ocrx_word' id='word_1_304' title='bbox 488 3945 527 3991; x_wconf 82' lang='lat'><strong>22.</strong></span> <span class='ocrx_word' id='word_1_305' title='bbox 545 3945 673 4008; x_wconf 82' lang='lat' dir='ltr'><strong>Dijudicat</strong></span> <span class='ocrx_word' id='word_1_306' title='bbox 688 3945 746 3994; x_wconf 87' lang='lat' dir='ltr'><strong>dein</strong></span> <span class='ocrx_word' id='word_1_307' title='bbox 757 3947 826 4008; x_wconf 90' lang='lat' dir='ltr'><strong>Aper</strong></span> <span class='ocrx_word' id='word_1_308' title='bbox 838 3947 919 4005; x_wconf 83' lang='lat' dir='ltr'><strong>Calvi,</strong></span> <span class='ocrx_word' id='word_1_309' title='bbox 931 3947 1012 4006; x_wconf 75' lang='lat' dir='ltr'><strong>ecrit,</strong></span> <span class='ocrx_word' id='word_1_310' title='bbox 1028 3948 1109 3996; x_wconf 80' lang='lat' dir='ltr'><strong>Casa·</strong></span> 
     </span>
    </p>
   </div>
   <div class='ocr_carea' id='block_1_7' title="bbox 0 0 1282 4446">
    <p class='ocr_par' dir='ltr' id='par_1_9' title="bbox 0 0 1282 4446">
     <span class='ocr_line' id='line_1_40' title="bbox 0 0 1282 4446; baseline 0 0"><span class='ocrx_word' id='word_1_311' title='bbox 0 0 1282 4446; x_wconf 95' lang='lat' dir='ltr'><strong> </strong></span> 
     </span>
    </p>
   </div>
  </div>
 </body>
</html>
