2556 4446
406 349 451 392 oc
474 295 692 392 Oaaaomsus
716 323 903 391 Draaocus.
1091 325 1157 390 269

154 495 266 560 cebant
290 507 393 558 tamen
415 492 534 557 illorum
562 505 731 574 temporum
759 489 960 574 eloquentiam
984 504 1016 554 et
1039 493 1156 576 magnis

154 583 311 646 cumulare
338 579 464 676 praemiis
488 578 685 642 videbantur:
699 576 779 662 quia
805 591 917 661 quanto
940 578 1066 662 quisque
1090 581 1158 663 plus

154 669 285 771 dicendo
302 681 429 766 poterat,
446 679 530 728 tanto
546 665 659 729 sacilids
679 665 808 727 bonores
826 666 1051 756 assequebatur,
1075 679 1158 737 tanto

152 753 259 838 magis,
277 755 304 816 in
320 753 390 852 ipsis
407 751 581 828 bonoribus,
596 752 729 834 collegas
744 771 815 813 suos
830 745 972 824 anteibat,
989 765 1074 814 tanto
1090 752 1157 836 plus

152 843 233 939 apud
250 840 400 924 principes
423 840 533 921 gratie,
559 839 625 924 plus
646 837 835 900 auctoritatis
851 839 931 920 apud
951 837 1070 914 Patres,
1088 839 1156 938 plus

150 941 260 990 notura
276 947 311 988 ac
325 925 540 1009 nomrnrsapud
558 925 677 1008 plebem
692 923 831 1008 parabat
857 923 886 986 br
902 925 1050 988 clientelis
1063 941 1153 988 ettam
1214 989 1218 997 ,
1262 925 1264 932 ’

152 1027 326 1079 exterarum
349 1013 501 1075 nationum
525 1011 751 1086 redundabant:
776 1009 853 1072 hos
846 1011 912 1072 rturi
936 1011 963 1074 in
987 1013 1156 1095 provincias

152 1100 339 1183 magistratus
369 1098 594 1174 reverebantur,
622 1097 676 1159 bos
706 1096 817 1159 reversi
848 1097 1009 1160 colebant:
1037 1099 1092 1162 hos
1123 1113 1154 1162 et

151 1186 305 1254 Praeturae
324 1197 355 1248 et
382 1183 565 1248 Consulatus
596 1196 705 1245 vocare
728 1182 810 1244 ultrb
839 1181 1037 1246 videbantur·
1062 1186 1090 1247 bi
1114 1206 1154 1250 ne

153 1273 257 1356 privati
282 1270 450 1356 quidem
427 1291 491 1332 sane
516 1283 662 1368 potestate
685 1283 791 1344 crant;
815 1267 884 1330 ciam
906 1283 937 1331 et
941 1271 1106 1372 populum
1124 1285 1155 1335 et

153 1359 300 1422 Senatum
317 1357 443 1421 consilio
464 1371 496 1420 et
519 1357 696 1420 auctoritate
720 1369 874 1436 regerent:
890 1357 969 1440 quin
991 1359 1084 1422 immo
1099 1355 1154 1423 sibi

151 1445 206 1529 ipsi
238 1457 458 1545 persuaserant,
483 1445 642 1507 neminem
665 1443 729 1505 sine
760 1441 933 1532 eloquentia
960 1461 1011 1507 aut
1036 1446 1155 1530 assequi

152 1553 242 1616 posse
258 1533 287 1595 in
303 1533 435 1607 civitate,
456 1545 508 1592 aut
527 1531 603 1592 tueri
628 1529 826 1611 conspicuum
850 1541 881 1590 et
904 1529 1087 1592 eminentem
1112 1533 1157 1594 lo·

153 1639 236 1684 cum.
282 1618 352 1682 Neo
367 1619 474 1680 mirum
491 1615 564 1678 ciam
578 1615 668 1677 etiam
692 1615 775 1677 inviti
792 1613 829 1675 ad
844 1615 989 1696 populum
1008 1617 1157 1698 produce

153 1719 277 1767 rentur:
301 1704 370 1766 etim
388 1723 491 1786 parum
507 1715 597 1778 esset,
613 1702 642 1762 in
660 1700 774 1763 Senatu
798 1701 927 1764 breviter
941 1722 1078 1779 censere,
1101 1704 1157 1768 nisi

151 1791 217 1889 quis
233 1790 353 1871 ingenio
369 1803 399 1850 ct
415 1786 589 1872 eloquentia
606 1788 788 1850 sententiam
806 1807 890 1850 suam
907 1801 1062 1853 tueretur:
1086 1790 1157 1854 crim

152 1877 182 1938 in
198 1875 328 1960 aliquam
354 1874 493 1939 invidiam
514 1884 569 1937 aut
591 1875 704 1936 crimen
723 1874 831 1950 vocati,
853 1873 920 1936 sui
931 1896 1006 1937 voce
1030 1897 1156 1960 respon·

151 1962 285 2026 dendum
304 1960 506 2037 baberent,
474 1981 544 2023 cum
568 1961 736 2024 testimonia
760 1981 880 2046 qunque
904 1961 932 2024 in
955 1961 1077 2047 judiciis
1093 1985 1153 2026 non

152 2049 302 2125 absentes,
318 2069 380 2110 nec
392 2069 458 2130 per.
466 2048 608 2112 tabellam
628 2048 710 2124 dare,
738 2048 791 2110 sed
814 2067 917 2109 coram
943 2064 973 2111 et
994 2065 1155 2134 presentes

152 2135 253 2198 dicere
279 2149 470 2218 cogerentur
516 2133 573 2211 lta,
598 2135 636 2197 ad
666 2155 798 2204 summa
814 2133 991 2218 eloquentia
1022 2139 1154 2221 praemia,

153 2241 261 2305 magna
277 2223 367 2284 etiam
391 2221 555 2285 necessitas
577 2221 761 2284 accedebat:
786 2235 816 2283 et
835 2222 988 2304 quomodo
1011 2224 1154 2287 disertum

153 2309 268 2383 haberi,
286 2309 442 2392 pulchrum
459 2321 489 2370 et
506 2308 735 2390 gloriosum:
712 2329 755 2370 stc
770 2306 877 2370 contra
899 2324 1015 2372 mutum
1032 2325 1063 2372 et
1078 2310 1155 2372 elin·

153 2415 243 2478 guern
261 2395 365 2470 videri,
382 2392 516 2456 delorrne
534 2395 716 2457 habebatur:

144 2503 155 2526 Γ
196 2480 371 2544 XXXVll.
396 2479 480 2562 Ergo
496 2502 554 2542 non
567 2479 663 2544 mimis
673 2480 791 2555 rubore,
806 2479 896 2564 quiam
913 2482 1039 2565 premiis
1050 2483 1157 2548 stimu-

152 2568 307 2632 labantur:
332 2589 370 2631 ne
386 2567 593 2631 clientulorum
619 2568 686 2631 loco
705 2567 818 2650 petisse,
838 2567 927 2652 quarn
952 2585 1154 2652 patronorum,

153 2672 407 2720 numerarentur:
425 2675 463 2718 ne
486 2654 600 2717 traditae
623 2675 640 2718 a
664 2654 825 2740 majoribus
851 2657 1087 2720 necessitudines
1117 2655 1156 2720 ad

153 2743 228 2806 alios
244 2744 424 2806 transirent:
447 2762 485 2803 ne
502 2755 642 2824 tanquam
659 2741 782 2841 inertes,
805 2755 836 2804 et
854 2763 913 2804 non
930 2743 1085 2808 suffecturi
1102 2744 1156 2808 bo·

150 2831 282 2903 neribus,
299 2843 350 2891 aut
373 2849 432 2889 non
455 2828 658 2910 impetrarent,
675 2841 725 2890 aut
742 2827 916 2910 impetratos
932 2830 1011 2892 male
1028 2847 1150 2894 tueren·
1174 2901 1176 2906 ,
1263 2855 1264 2860 ’

153 2931 210 2979 tur.
256 2913 382 2989 Nescio,
395 2933 431 2974 an
448 2927 621 2976 venerantia
636 2933 742 2975 manus
754 2929 865 2976 vestras
882 2915 954 2976 beo
950 2930 1072 2992 vetera,
1089 2931 1155 3022 quae

155 3003 185 3065 in
210 3001 400 3084 antiquorum
418 2999 606 3063 bibliothecis
626 3001 726 3062 adbuc
743 3013 874 3077 manent,
891 3015 921 3062 et
937 3000 1006 3063 cirrn
1022 3003 1156 3064 maximia

154 3109 176 3150 a
185 3086 329 3150 Muciano
342 3087 579 3150 contrabuntur:
604 3107 639 3150 ac
646 3086 720 3172 jam
725 3087 876 3162 undecim,
890 3101 922 3150 ut
933 3087 1048 3172 opinor,
1060 3088 1157 3150 Acto-

154 3195 220 3237 rum
238 3174 317 3237 libris
332 3187 363 3236 et
386 3173 478 3235 tribus
502 3172 706 3257 Epistolarum
730 3174 897 3255 composita
920 3182 950 3234 et
974 3173 1053 3236 edita
1076 3189 1156 3239 sunt.

156 3260 208 3324 Ex
232 3261 277 3322 his
300 3259 423 3342 intelligi
444 3274 557 3342 potest,
581 3258 642 3324 Cn.
667 3259 848 3342 Pompeium
873 3275 903 3323 et
929 3259 974 3322 Μ.
1000 3257 1156 3337 Crassum,

156 3369 216 3411 non
235 3346 344 3408 viribus
361 3344 452 3408 modb
467 3360 498 3408 et
514 3347 613 3422 armis,
629 3347 682 3408 sed
695 3347 952 3430 ingenioquoque
968 3359 998 3407 et
1014 3345 1158 3424 oratione,

157 3434 306 3497 valuisse:
330 3432 476 3496 Lentulos
492 3447 522 3496 et
539 3431 681 3496 Metellos
693 3449 724 3495 et
741 3432 886 3494 Lucullos
902 3446 932 3494 et
948 3430 1111 3509 Curiones,
1127 3447 1159 3497 et

156 3535 290 3584 ceteram
316 3539 474 3604 procerum
497 3541 631 3596 manum,
651 3520 813 3583 multum
807 3541 835 3582 ΓΓΓ
861 3519 907 3582 bis
930 3518 1035 3580 studiis
1057 3540 1157 3603 opere

156 3627 297 3705 curaque
312 3609 468 3690 posuisse:
492 3627 550 3668 nec
567 3627 737 3693 quenquam
751 3606 807 3668 illis
823 3606 1008 3689 temporibus
1018 3627 1158 3690 magnam

156 3693 336 3778 potentiam,
359 3694 424 3790 sine
447 3693 629 3778 eloquentia,
659 3706 881 3757 consecutum.
916 3691 973 3755 His
994 3693 1159 3756 accedebat

156 3780 300 3866 splendor
315 3775 414 3844 rerut‘n
432 3794 463 3842 et
486 3780 661 3860 magnitudo
676 3801 846 3855 causarum,
863 3799 928 3880 qua
944 3794 974 3842 et
989 3779 1053 3864 ipsa
1070 3778 1160 3882 pluri·

156 3889 243 3932 mum
256 3867 436 3954 eloquentiae
447 3881 597 3954 prestant.
641 3865 671 3930 N
676 3889 724 3930 am
735 3827 882 3933 multirin
875 3881 1007 3944 interest,
1020 3863 1159 3931 utrumne

618 3954 683 4020 23*
