2514 4318
147 207 212 268 202
476 199 517 264 C.
541 198 650 264 Coun.
674 197 826 264 Tsorros

192 368 321 434 XXlll.
345 368 437 433 Potui
453 368 561 430 humor
576 387 615 432 ex
632 365 746 430 hordeo
762 378 813 428 aut
829 367 988 442 frumento,
1009 373 1039 428 in
1057 388 1160 452 quan·

149 459 218 522 datu
236 456 456 520 similitudinem
475 455 533 516 vini
548 469 717 536 corruptus.
763 452 900 516 Proximi
916 453 986 535 ripae
1001 468 1033 514 et
1047 455 1159 517 vinum

147 559 330 610 mercantur.
375 541 445 604 Cibi
470 541 640 623 simplices:
673 539 800 620 agrestia
825 561 926 622 poma,
947 560 1053 600 recens
1079 539 1159 615 sera,

148 645 200 694 aut
217 632 261 692 iac
277 642 463 691 concretum.
510 625 582 688 Sine
598 642 754 710 apparatu,
777 625 842 687 sine
857 625 1082 702 blandimentis,
1100 646 1161 688 ex-

149 717 266 800 pellunt
283 714 403 778 famem.
444 712 596 776 Adversbs
623 713 700 774 sitim
728 733 787 774 non
812 711 920 774 eadem
940 712 1159 794 temperantia.

149 801 183 866 Si
199 802 356 864 indulseris
371 801 518 875 ebrietati,
539 798 728 880 suggerendo
753 813 897 883 quantum
922 798 1159 881 concupiscunt,

147 888 227 951 haud
246 887 340 949 minus
357 887 442 950 facile
461 887 545 962 vitiis,
563 887 652 970 quaint
670 885 769 961 armis,
788 885 954 948 vincentur.

193 972 316 1036 XXiV.
341 972 447 1036 Genus
463 972 703 1056 spectaculorum
720 993 811 1034 unum
828 985 918 1055 atque
931 971 959 1032 in
972 971 1053 1032 omni
1069 985 1159 1036 coetu

149 1059 241 1124 idem.
287 1059 370 1122 Nudi
382 1059 523 1145 juvenes,
540 1059 646 1143 quibus
662 1059 689 1120 id
707 1058 853 1121 ludicrum
870 1072 926 1133 est,
946 1058 1021 1119 inter
1037 1058 1158 1139 gladios
1236 1120 1237 1123 ,

148 1167 182 1209 se
199 1163 288 1230 atque
304 1145 425 1209 infestas
442 1146 567 1208 frameas
582 1146 657 1209 saltu
669 1145 796 1230 jaciunt.
843 1143 1032 1206 Exercitatio
1056 1158 1157 1208 artem

149 1234 274 1316 paravit,
299 1253 344 1294 ars
361 1233 524 1295 decorem:
547 1254 605 1294 non
622 1232 650 1294 in
667 1247 813 1316 questum
829 1244 942 1307 tameo,
969 1245 1019 1292 aut
1036 1251 1158 1294 meroe-
1234 1305 1238 1328 ¹

150 1319 219 1382 dem
235 1340 242 1394 ;
266 1319 402 1404 quamvis
418 1319 538 1380 audacis
554 1318 681 1380 lasciviae
701 1317 826 1400 pretium
842 1329 898 1393 est,
913 1317 1050 1401 voluptas
1065 1339 1158 1401 spee-

150 1407 287 1469 tantium.
323 1406 431 1468 Aleam
449 1404 544 1488 (quod
561 1405 683 1486 mirere)
708 1404 796 1466 sobrii
812 1405 888 1466 inter
902 1403 978 1466 seria
995 1419 1156 1482 exercent,
1237 1403 1238 1406 ’

150 1491 236 1556 tantia
251 1492 382 1554 lucrandi
400 1491 583 1575 perdendive
607 1491 784 1566 temeritate,
800 1504 844 1566 ut,
860 1490 930 1552 otim
952 1491 1053 1552 omnia
1069 1483 1158 1554 Με-
1237 1517 1238 1558 3

151 1593 268 1655 cerunt,
289 1594 427 1640 extremo
442 1599 477 1640 ac
494 1577 656 1639 novissimo
672 1577 756 1661 jactu
773 1576 812 1638 de
832 1576 970 1638 libertate
985 1591 1016 1638 et
1032 1577 1072 1639 de
1087 1598 1161 1640 cor·

150 1687 223 1750 pore
253 1665 448 1727 contendant.
495 1662 602 1728 Victus
633 1663 829 1726 voluntariam
859 1664 1034 1725 servitutem
1065 1663 1152 1727 adit:

151 1753 289 1836 quamvis
298 1751 448 1836 juvenior,
472 1751 607 1834 quamvis
623 1749 779 1825 robustior,
802 1749 913 1832 alligari
941 1770 974 1810 se
997 1771 1032 1812 ac
1050 1750 1154 1812 venire

151 1837 283 1920 patitur:
306 1859 341 1898 ea
358 1852 403 1900 est
419 1838 447 1898 in
470 1859 501 1898 re
521 1835 614 1919 prava
630 1836 813 1920 pervicacia:
845 1836 901 1918 ipsi
923 1835 1014 1898 fidem
1031 1850 1154 1900 vocant.
1237 1853 1238 1858 ’

152 1923 267 1986 Servos
282 1923 460 1985 conditionis
477 1923 563 2004 hujus
581 1945 634 2004 per
645 1922 826 1986 commercia
841 1921 973 2000 tradunt,
986 1936 1018 1986 ut
1032 1943 1067 1984 se
1079 1944 1155 2008 quo·
1237 1927 1238 1932 ’

151 2030 210 2094 que
225 2009 339 2090 pudore
357 2009 484 2071 victoriae
501 2010 670 2074 exsolvant.
750 2045 756 2055 ,

196 2093 304 2157 XXV.
329 2095 445 2159 Ceteris
460 2097 564 2173 servis,
585 2119 644 2158 non
660 2097 689 2158 in
706 2111 837 2160 nostrum
853 2117 980 2172 morem,
997 2095 1155 2180 descriptis
1237 2093 1238 2096 ¹

151 2202 206 2267 per
222 2181 362 2244 familiam
386 2183 573 2260 ministeriis,
589 2197 722 2246 utuntur.
769 2182 863 2246 Suam
886 2183 1012 2267 quisque
1035 2182 1155 2260 sedem,

151 2290 220 2332 suos
237 2267 375 2330 Penates
386 2269 470 2350 regit.
517 2267 674 2332 Frumenti
691 2270 813 2332 modum
830 2269 979 2344 dominus,
995 2283 1046 2330 aut
1064 2289 1156 2353 peco-

151 2355 202 2431 ris,
218 2370 270 2418 aut
287 2356 386 2433 vestis,
411 2370 442 2418 ut
465 2355 583 2430 colono,
599 2355 743 2440 injungit:
772 2369 802 2418 et
818 2376 921 2418 servus
938 2355 1085 2418 hactenus
1100 2377 1156 2440 pa·

152 2455 209 2503 ret.
264 2441 378 2505 Cetera
399 2441 511 2524 donids
541 2442 639 2504 officia
665 2463 743 2504 uxor
772 2463 807 2504 ac
833 2441 918 2504 liberi
948 2456 1155 2526 exequuntur.

68 2533 97 2564 ·'
124 2506 321 2590 *Verbeiare
343 2549 462 2597 servum
479 2549 514 2590 ao
538 2527 663 2590 vinculis
690 2542 720 2590 et
746 2549 840 2612 opere
862 2549 1015 2602 coercere,
1042 2550 1156 2592 rarum.

152 2611 303 2676 Occidere
319 2615 428 2689 soient,
444 2635 503 2675 non
521 2613 677 2698 discipliud
692 2629 722 2676 et
739 2615 911 2690 severitate,
927 2614 979 2676 sed
996 2615 1112 2698 inipetu
1126 2628 1158 2678 et

152 2697 206 2775 int,
223 2715 253 2762 ut
270 2701 433 2777 inimicum,
450 2699 504 2763 nisi
517 2699 596 2784 quod
614 2700 748 2784 impune.
794 2699 941 2764 Libertini
954 2723 1012 2762 non
1026 2700 1157 2764 multum
1237 2699 1238 2740 ἶ

152 2805 240 2869 supra
263 2807 366 2848 servos
381 2801 460 2864 sunt,
487 2787 554 2849 rard
569 2787 688 2872 aliquod
704 2800 890 2850 momentum
907 2787 935 2848 iu
954 2787 1055 2863 docio,
1079 2810 1157 2850 nun-

153 2893 241 2956 quam
260 2874 287 2935 in
311 2874 452 2951 civitate3
476 2874 613 2956 exceptis
629 2874 775 2937 duntaxat
790 2875 824 2936 iis
840 2873 989 2954 gentibus,
1006 2895 1071 2956 quae
1088 2895 1157 2956 reg·
1237 2873 1238 2950 j

152 2973 270 3022 uantur.
316 2959 361 3022 Ibi
377 2961 456 3022 enim
481 2973 512 3022 et
538 2980 629 3042 super
644 2960 789 3041 ingenuos
815 2973 846 3022 et
872 2980 962 3042 super
977 2956 1093 3022 nobiles
1108 2981 1157 3022 as·

152 3046 286 3108 cendunt
299 3041 411 3130 z'apud
424 3060 540 3108 ceteros
553 3046 681 3130 impares
696 3045 824 3109 libertini
839 3045 983 3110 libertatis
995 3067 1157 3128 argumen-

154 3144 218 3194 tum
236 3147 315 3198 suut.

197 3217 323 3280 XXVI.
348 3217 465 3284 Foenus
480 3221 591 3300 agitare
607 3234 638 3284 et
649 3221 679 3284 in
695 3241 798 3282 usuras
811 3218 988 3296 extendere,
998 3219 1155 3300 ignotum:

152 3301 282 3386 idedque
298 3302 393 3384 magis
413 3321 559 3382 servatur,
576 3308 664 3389 quiam
681 3307 705 3370 si
721 3307 845 3370 vetitum
862 3319 952 3369 esset.
991 3306 1077 3388 Agri,
1101 3327 1156 3389 pro

151 3410 278 3452 nurnero
293 3391 453 3468 cultorum,
481 3393 518 3454 ab
545 3393 689 3458 universis
713 3393 740 3454 in
759 3393 839 3456 vices
855 3406 1052 3474 occupantur,
1081 3412 1155 3476 quos

152 3495 225 3538 mox
242 3476 317 3539 inter
340 3499 384 3552 se,
409 3478 575 3542 secundum
592 3479 806 3562 dignationem,
829 3479 998 3562 patiuntur:
1030 3476 1157 3542 facilita-

152 3573 214 3624 tem
234 3563 380 3644 partiendi
395 3585 569 3649 camporum
586 3567 681 3650 spatia
698 3581 845 3648 prestant.
884 3565 968 3627 Arva
991 3585 1045 3647 per
1062 3585 1157 3628 annos

151 3661 290 3710 mutant:
315 3663 345 3712 et
361 3666 497 3733 superest
512 3671 584 3732 ager
594 3674 603 3728 ;
626 3673 683 3715 nec
699 3653 780 3714 enim
804 3673 874 3713 cum
893 3651 1028 3714 ubertate
1045 3663 1076 3713 et
1093 3671 1158 3714 am·

152 3732 298 3817 plitudine
323 3736 379 3798 soli
401 3736 504 3800 labore
519 3738 715 3816 contendunt,
742 3752 775 3802 ut
797 3739 932 3824 pomario
947 3749 1109 3824 conserant
1125 3749 1158 3802 et
