2508 4254
144 219 185 288 A.
201 216 241 282 C.
258 217 328 300 69.]
431 213 573 282 Hrsson.
597 215 672 282 Lrs.
696 213 865 280 Tartarus.
1083 216 1146 278 115

144 383 327 466 sultantique
342 395 519 466 supererant
533 401 602 466 spes
619 381 776 464 viresque:
799 379 870 444 chrn
886 399 904 442 e
919 379 1067 444 contrario
1079 380 1147 444 laeta

84 481 89 494 '
144 470 245 536 omnia
261 470 396 550 fingeret,
419 466 499 530 salsis
521 467 760 547 ingravescebat.
803 465 918 530 Mirum
945 466 1023 550 apud
1048 468 1147 549 ipsum

145 556 184 620 de
200 555 280 618 hello
296 555 467 618 silentium:
490 554 629 637 prohibiti
653 575 707 636 par
728 553 881 616 civitatem
897 574 1070 616 sermones:
1094 553 1148 616 ed-

146 663 205 728 que
223 642 334 724 plures,
361 661 408 718 ac,
432 639 456 702 si
471 640 586 716 liceret,
610 639 681 702 verb
697 640 851 716 narraturi,
872 639 941 724 quia
959 640 1147 718 vetabantur,

145 729 291 792 atrociora
307 727 513 809 vulgaverant.
558 725 627 790 Nec
639 726 744 790 Duces
761 726 889 788 hostium
902 725 1046 808 augenda
1062 725 1148 790 samaa

145 814 283 890 deerant,
298 827 404 896 captos
421 811 537 876 Vitellii
563 812 771 896 exploratores
792 813 1088 897 circumductosque,
1114 826 1148 876 ut

146 901 252 968 robora
270 900 388 965 victoris
403 897 553 964 exercitiis
569 912 738 975 noscerent,
757 898 965 961 'remittendos
991 920 1066 982 quos
1081 920 1149 962 om·

61 1040 65 1057 .
145 1007 200 1053 nes
215 985 367 1062 Vitellius,
389 983 508 1048 secretb
524 998 745 1070 percunctatus,
768 985 893 1048 interfici
904 984 1005 1068 jussit.
1050 981 1148 1048 Nota-

144 1073 196 1136 bili
212 1070 381 1136 constantii
395 1072 550 1148 Centurio,
561 1070 658 1134 Julius
669 1071 815 1154 Agrestis,
829 1084 897 1154 post
912 1071 1023 1134 multos
1034 1091 1148 1136 sermo·

67 1223 69 1228 ,
145 1179 212 1235 nee,
235 1160 342 1243 quibus
360 1156 516 1220 Vitellium
533 1157 571 1220 ad
587 1157 727 1220 virtutem
744 1155 851 1220 srustrd
865 1157 1062 1234 accendebat,
1080 1179 1148 1242 per-

146 1245 233 1329 pulit,
258 1259 290 1308 ut
313 1245 350 1307 ad
368 1245 445 1308 vires
466 1244 594 1308 hostiurn
610 1243 802 1327 spectandas,
829 1265 956 1328 quaeque
971 1245 1052 1327 apud
1069 1243 1148 1308 Cre·

72 1410 74 1419 Ι
146 1353 267 1394 monam
284 1345 352 1394 acta
363 1330 471 1408 soreut,
487 1331 552 1414 ipse
568 1327 745 1394 mitteretur.
791 1328 859 1394 Nec
875 1331 1080 1414 exploratione
1096 1335 1149 1394 oc-

146 1416 231 1482 culta
253 1415 354 1480 fallere
371 1417 536 1480 Antonium
561 1417 696 1493 tentavit,
717 1416 771 1479 sed
799 1417 939 1482 mandata
954 1415 1148 1500 Imperatoris

65 1569 70 1580 ,
146 1525 295 1588 suumque
320 1504 451 1566 animum
479 1501 639 1586 professus,
669 1515 703 1564 ut
725 1516 834 1566 cuncta
859 1503 977 1579 viseret,
1006 1505 1147 1587 postulat.

66 1587 68 1597 '
146 1589 246 1665 Missi,
262 1590 313 1674 qui
328 1589 428 1654 locum
446 1589 547 1673 praelii,
566 1587 727 1654 Cremona
744 1589 879 1670 vestigia,
894 1603 997 1672 captas
1014 1590 1150 1672 legiones

146 1675 351 1742 osteudereut.
390 1675 528 1756 Agrestis
544 1675 582 1738 ad
594 1673 750 1738 Vitellium
762 1675 918 1752 remeavit,
934 1674 1148 1762 abnuentique,

147 1771 241 1828 ‘vera
256 1783 334 1839 esse,
347 1783 412 1847 quae
428 1761 570 1839 afferret,’
585 1775 676 1846 atque
687 1759 766 1824 ultrd
782 1761 985 1845 ‘corruptum’
997 1764 1149 1846 arguenti3

147 1848 431 1934 ‘quandoquidem’
447 1849 552 1933 inquit,
569 1854 699 1931 ‘magno
721 1847 904 1911 documento
919 1869 995 1932 opus
1011 1864 1067 1927 est,
1090 1871 1149 1914 uec

61 1954 63 1964 ’
146 1935 221 1999 alius
232 1934 295 2020 jum
313 1935 365 1998 tihi
380 1949 431 2000 aut
447 1935 525 2012 vitae,
541 1947 592 2002 aut
605 1935 709 1998 mortis
724 1955 799 1998 meae
815 1955 898 2011 usus,
914 1935 1003 2013 dabo,
1018 1937 1067 2000 cui
1082 1957 1149 2002 cre-

146 2023 200 2084 das
214 2021 232 2084 :’
256 2036 347 2106 atque
373 2022 413 2084 ita
436 2021 596 2103 digressus,
621 2020 787 2083 voluntariis
802 2036 897 2084 morte
913 2021 993 2086 dicta
1008 2023 1148 2088 firmavit.

147 2105 282 2182 Quidam
310 2115 318 2144 ‘
327 2107 412 2190 jussu
428 2106 543 2172 Vitellii
558 2107 747 2170 intersectum
761 2107 780 2186 3’
804 2108 843 2172 de
866 2108 946 2172 ‘fide
964 2109 1148 2174 constantiis·

44 2266 47 2281 Ι
148 2193 218 2279 que'
234 2195 354 2271 eadem,
369 2194 530 2258 tradidere.

190 2278 261 2342 LV.
287 2278 437 2357 Vitellius,
457 2296 492 2344 ut
507 2301 525 2342 e
540 2301 647 2365 somno
662 2280 790 2358 excitus,
806 2279 940 2344 ‘lulium
963 2279 1101 2346 Priscum
1117 2296 1149 2348 et

147 2365 326 2452 Alpheuum
341 2365 456 2430 Varum
478 2388 548 2430 curn
565 2367 790 2452 quatuordecim
812 2367 960 2432 Praetoriis
975 2368 1149 2434 cohortibus

146 2467 179 2520 et
193 2455 332 2516 omnibus
346 2455 488 2553 ¹equitum
504 2453 559 2518 alis
572 2453 711 2554 obsidere
726 2453 933 2538 Apenninum'
944 2453 1044 2540 jubet.
1091 2455 1151 2520 Se·

147 2539 1152 2712 tlthtllll.hl....lltl'lht'hlqll'althull?

148 2712 262 2812 lebant.
295 2712 415 2778 Ceterae
428 2714 569 2813 cobortes
580 2713 617 2812 ad
631 2713 773 2778 tuendam
787 2714 890 2814 urbem
903 2712 942 2778 L.
955 2712 1079 2814 Vitellio
1091 2714 1150 2820 fra:

89 2893 100 2906 -
148 2799 306 2970 vau.
322 2797 1151 2970 luarltur¹1²⁰hutrittenhem

148 2993 203 3036 uos
215 2972 400 3036 destinabat:
416 2972 530 3036 soedera
542 2973 640 3048 sociis,
650 2971 772 3034 Latium
786 2972 929 3048 externis,
941 2971 1086 3054 dilargiri:
1104 2974 1151 3036 his

148 3059 257 3159 tributa
269 3059 429 3163 dimittere,
439 3060 513 3122 alios
525 3057 759 3157 immunitatibus
766 3056 892 3142 juvare:
914 3057 1055 3143 denique,
1068 3059 1151 3122 nulli

149 3167 178 3210 ru
195 3159 348 3230 posterum
360 3167 443 3222 cura,
453 3145 585 3210 lacerare
598 3142 773 3228 Impenum.
820 3143 880 3208 Sed
895 3143 1001 3227 vulgus
1013 3145 1049 3208 ad
1066 3167 1151 3228 mag-

148 3231 312 3296 nitudinem
330 3232 542 3296 beneficiorum
559 3231 679 3295 aderat:
710 3229 899 3294 stultissimus
915 3231 1041 3316 quisque
1057 3253 1151 3316 pecu·

16 3305 51 3393 χ’,
148 3319 204 3382 uiis
228 3319 435 3382 mercabatur:
465 3318 545 3402 apud
568 3319 720 3401 sapientes
749 3338 834 3382 cassa
861 3318 1056 3395 habebantur,
1084 3341 1150 3404 quae

148 3426 248 3490 nequa
264 3406 337 3480 dari,
354 3427 453 3490 neque
468 3405 576 3488 accipi,
587 3404 671 3468 salah
686 3402 869 3488 Republicai,
881 3419 1027 3488 poterant.
1065 3403 1152 3470 Tau·

148 3492 219 3554 dem
236 3491 389 3572 flagitante
416 3493 563 3568 exercitu,
590 3492 639 3576 qui
655 3491 829 3558 Mevaniam
853 3491 1013 3568 insederat,
1040 3514 1151 3574 magno

148 3577 328 3642 Senatorum
344 3579 474 3658 agmine,
502 3600 627 3664 quorum
645 3579 755 3642 multos
778 3577 951 3657 ambitione,
978 3579 1076 3663 plures
1092 3579 1150 3641 sor·

148 3665 260 3728 midine
277 3666 426 3742 trahebat,
449 3667 478 3730 in
503 3678 600 3730 castra
627 3666 720 3744 veuit,
746 3666 875 3730 incertus
901 3667 991 3730 animi
1007 3680 1038 3730 et
1053 3665 1149 3728 infidis

146 3752 277 3822 consiliis
292 3751 452 3816 obnoxius.
