<?xml version="1.0" encoding="UTF-8"?>
<!DOCTYPE html PUBLIC "-//W3C//DTD XHTML 1.0 Transitional//EN"
    "http://www.w3.org/TR/xhtml1/DTD/xhtml1-transitional.dtd">
<html xmlns="http://www.w3.org/1999/xhtml" xml:lang="en" lang="en">
 <head>
  <title>
</title>
<meta http-equiv="Content-Type" content="text/html;charset=utf-8" />
  <meta name='ocr-system' content='tesseract 3.04.00' />
  <meta name='ocr-capabilities' content='ocr_page ocr_carea ocr_par ocr_line ocrx_word'/>
</head>
<body>
  <div class='ocr_page' id='page_1' title='image "./ccorneliitaciti24tacigoog_0322.png"; bbox 0 0 2484 4316; ppageno 0'>
   <div class='ocr_carea' id='block_1_1' title="bbox 107 180 1111 265">
    <p class='ocr_par' dir='ltr' id='par_1_1' title="bbox 107 180 1111 265">
     <span class='ocr_line' id='line_1_1' title="bbox 107 180 1111 265; baseline -0.002 -17"><span class='ocrx_word' id='word_1_1' title='bbox 107 186 170 248; x_wconf 81' lang='lat'><strong>154</strong></span> <span class='ocrx_word' id='word_1_2' title='bbox 440 183 480 248; x_wconf 87' lang='lat' dir='ltr'><strong>C.</strong></span> <span class='ocrx_word' id='word_1_3' title='bbox 504 183 614 248; x_wconf 75' lang='lat' dir='ltr'><strong>Coss.</strong></span> <span class='ocrx_word' id='word_1_4' title='bbox 636 181 761 248; x_wconf 72' lang='lat' dir='ltr'><strong>Taeter</strong></span> <span class='ocrx_word' id='word_1_5' title='bbox 904 180 1018 265; x_wconf 88' lang='lat' dir='ltr'><strong>[A.U.</strong></span> <span class='ocrx_word' id='word_1_6' title='bbox 1031 181 1111 246; x_wconf 72' lang='grc'><strong>822.</strong></span> 
     </span>
    </p>
   </div>
   <div class='ocr_carea' id='block_1_2' title="bbox 104 347 1111 534">
    <p class='ocr_par' dir='ltr' id='par_1_2' title="bbox 104 347 1111 534">
     <span class='ocr_line' id='line_1_2' title="bbox 104 347 1111 432; baseline 0 -20"><span class='ocrx_word' id='word_1_7' title='bbox 104 365 156 414; x_wconf 83' lang='lat' dir='ltr'><strong>aut</strong></span> <span class='ocrx_word' id='word_1_8' title='bbox 173 349 327 427; x_wconf 87' lang='lat' dir='ltr'><strong>honorem,</strong></span> <span class='ocrx_word' id='word_1_9' title='bbox 354 371 395 414; x_wconf 87' lang='lat' dir='ltr'><strong>ex</strong></span> <span class='ocrx_word' id='word_1_10' title='bbox 419 350 592 413; x_wconf 78' lang='lat' dir='ltr'><strong>calamitate</strong></span> <span class='ocrx_word' id='word_1_11' title='bbox 614 349 726 412; x_wconf 90' lang='lat' dir='ltr'><strong>civium</strong></span> <span class='ocrx_word' id='word_1_12' title='bbox 752 349 870 432; x_wconf 89' lang='lat' dir='ltr'><strong>cepisse</strong></span> <span class='ocrx_word' id='word_1_13' title='bbox 880 347 900 412; x_wconf 94' lang='lat'><strong>:’</strong></span> <span class='ocrx_word' id='word_1_14' title='bbox 927 348 1051 432; x_wconf 76' lang='lat' dir='ltr'>trepidis</span> <span class='ocrx_word' id='word_1_15' title='bbox 1078 364 1111 412; x_wconf 89' lang='lat' dir='ltr'><strong>et</strong></span> 
     </span>
     <span class='ocr_line' id='line_1_3' title="bbox 104 433 1111 534; baseline -0.002 -34"><span class='ocrx_word' id='word_1_16' title='bbox 104 433 399 534; x_wconf 80' lang='lat' dir='ltr'><strong>verbajurisjurandi</strong></span> <span class='ocrx_word' id='word_1_17' title='bbox 423 459 477 521; x_wconf 92' lang='lat' dir='ltr'><strong>per</strong></span> <span class='ocrx_word' id='word_1_18' title='bbox 503 437 598 498; x_wconf 88' lang='lat' dir='ltr'><strong>varias</strong></span> <span class='ocrx_word' id='word_1_19' title='bbox 613 451 691 498; x_wconf 86' lang='lat' dir='ltr'><strong>artes</strong></span> <span class='ocrx_word' id='word_1_20' title='bbox 707 436 900 512; x_wconf 85' lang='lat' dir='ltr'><strong>mutantibus,</strong></span> <span class='ocrx_word' id='word_1_21' title='bbox 922 434 988 520; x_wconf 90' lang='lat' dir='ltr'><strong>quis</strong></span> <span class='ocrx_word' id='word_1_22' title='bbox 1004 435 1111 516; x_wconf 87' lang='lat' dir='ltr'><strong>flagitii</strong></span> 
     </span>
    </p>
   </div>
   <div class='ocr_carea' id='block_1_3' title="bbox 103 517 1215 606">
    <p class='ocr_par' dir='ltr' id='par_1_3' title="bbox 103 517 1215 606">
     <span class='ocr_line' id='line_1_4' title="bbox 103 517 1215 606; baseline 0 -20"><span class='ocrx_word' id='word_1_23' title='bbox 103 524 407 589; x_wconf 85' lang='lat' dir='ltr'><strong>conserentiainerat.</strong></span> <span class='ocrx_word' id='word_1_24' title='bbox 439 523 612 586; x_wconf 90' lang='lat' dir='ltr'><strong>Probabant</strong></span> <span class='ocrx_word' id='word_1_25' title='bbox 624 523 798 606; x_wconf 89' lang='lat' dir='ltr'><strong>religionem</strong></span> <span class='ocrx_word' id='word_1_26' title='bbox 814 521 933 599; x_wconf 90' lang='lat' dir='ltr'><strong>Patres,</strong></span> <span class='ocrx_word' id='word_1_27' title='bbox 944 521 1109 606; x_wconf 75' lang='lat' dir='ltr'><strong>perjurium</strong></span> <span class='ocrx_word' id='word_1_28' title='bbox 1204 517 1215 538; x_wconf 74' lang='lat'><strong><em>⁹</em></strong></span> 
     </span>
    </p>
   </div>
   <div class='ocr_carea' id='block_1_4' title="bbox 102 605 1122 3812">
    <p class='ocr_par' dir='ltr' id='par_1_4' title="bbox 102 605 1113 1648">
     <span class='ocr_line' id='line_1_5' title="bbox 104 605 1112 695; baseline -0.002 -21"><span class='ocrx_word' id='word_1_29' title='bbox 104 610 280 692; x_wconf 79' lang='lat' dir='ltr'><strong>arguebant.</strong></span> <span class='ocrx_word' id='word_1_30' title='bbox 327 609 435 695; x_wconf 87' lang='lat' dir='ltr'><strong>anue</strong></span> <span class='ocrx_word' id='word_1_31' title='bbox 452 611 534 673; x_wconf 86' lang='lat' dir='ltr'><strong>velut</strong></span> <span class='ocrx_word' id='word_1_32' title='bbox 548 631 676 675; x_wconf 81' lang='lat' dir='ltr'><strong>censura</strong></span> <span class='ocrx_word' id='word_1_33' title='bbox 696 612 724 672; x_wconf 92' lang='lat' dir='ltr'><strong>in</strong></span> <span class='ocrx_word' id='word_1_34' title='bbox 749 605 938 672; x_wconf 83' lang='lat' dir='ltr'><strong>Sariolenum</strong></span> <span class='ocrx_word' id='word_1_35' title='bbox 957 608 1112 672; x_wconf 82' lang='lat' dir='ltr'><strong>Voculam</strong></span> 
     </span>
     <span class='ocr_line' id='line_1_6' title="bbox 104 695 1109 760; baseline -0.002 0"><span class='ocrx_word' id='word_1_36' title='bbox 104 712 136 760; x_wconf 90' lang='lat' dir='ltr'><strong>et</strong></span> <span class='ocrx_word' id='word_1_37' title='bbox 152 695 284 760; x_wconf 83' lang='lat' dir='ltr'><strong>Nonium</strong></span> <span class='ocrx_word' id='word_1_38' title='bbox 301 698 463 760; x_wconf 87' lang='lat' dir='ltr'><strong>Actianum</strong></span> <span class='ocrx_word' id='word_1_39' title='bbox 487 712 518 758; x_wconf 91' lang='lat' dir='ltr'><strong>et</strong></span> <span class='ocrx_word' id='word_1_40' title='bbox 541 695 679 760; x_wconf 75' lang='lat' dir='ltr'><strong>Cestium</strong></span> <span class='ocrx_word' id='word_1_41' title='bbox 696 696 843 758; x_wconf 80' lang='lat' dir='ltr'><strong>Severum</strong></span> <span class='ocrx_word' id='word_1_42' title='bbox 860 695 1004 759; x_wconf 78' lang='lat' dir='ltr'><strong>acerrime</strong></span> <span class='ocrx_word' id='word_1_43' title='bbox 1020 697 1109 758; x_wconf 86' lang='lat' dir='ltr'><strong>iucu-</strong></span> 
     </span>
     <span class='ocr_line' id='line_1_7' title="bbox 103 781 1110 867; baseline -0.002 -21"><span class='ocrx_word' id='word_1_44' title='bbox 103 783 179 859; x_wconf 89' lang='lat' dir='ltr'><strong>buit,</strong></span> <span class='ocrx_word' id='word_1_45' title='bbox 202 783 314 846; x_wconf 82' lang='lat' dir='ltr'><strong>crebris</strong></span> <span class='ocrx_word' id='word_1_46' title='bbox 337 784 417 867; x_wconf 89' lang='lat' dir='ltr'><strong>apud</strong></span> <span class='ocrx_word' id='word_1_47' title='bbox 434 782 588 846; x_wconf 90' lang='lat' dir='ltr'><strong>Neronem</strong></span> <span class='ocrx_word' id='word_1_48' title='bbox 605 783 803 846; x_wconf 84' lang='lat' dir='ltr'><strong>delationibus</strong></span> <span class='ocrx_word' id='word_1_49' title='bbox 819 783 960 846; x_wconf 89' lang='lat' dir='ltr'><strong>famosos.</strong></span> <span class='ocrx_word' id='word_1_50' title='bbox 1006 781 1110 845; x_wconf 85' lang='lat' dir='ltr'><strong>Sario-</strong></span> 
     </span>
     <span class='ocr_line' id='line_1_8' title="bbox 102 868 1110 954; baseline -0.001 -22"><span class='ocrx_word' id='word_1_51' title='bbox 102 869 206 932; x_wconf 87' lang='lat' dir='ltr'><strong>lenum</strong></span> <span class='ocrx_word' id='word_1_52' title='bbox 222 885 253 932; x_wconf 90' lang='lat' dir='ltr'><strong>et</strong></span> <span class='ocrx_word' id='word_1_53' title='bbox 268 891 375 934; x_wconf 90' lang='lat' dir='ltr'><strong>recens</strong></span> <span class='ocrx_word' id='word_1_54' title='bbox 389 872 503 934; x_wconf 91' lang='lat' dir='ltr'><strong>crimen</strong></span> <span class='ocrx_word' id='word_1_55' title='bbox 520 871 654 951; x_wconf 88' lang='lat' dir='ltr'><strong>urgebat,</strong></span> <span class='ocrx_word' id='word_1_56' title='bbox 671 869 752 954; x_wconf 84' lang='lat' dir='ltr'><strong>qudd</strong></span> <span class='ocrx_word' id='word_1_57' title='bbox 768 871 848 952; x_wconf 91' lang='lat' dir='ltr'><strong>apud</strong></span> <span class='ocrx_word' id='word_1_58' title='bbox 867 868 1024 932; x_wconf 90' lang='lat' dir='ltr'><strong>Vitellium</strong></span> <span class='ocrx_word' id='word_1_59' title='bbox 1041 891 1110 931; x_wconf 88' lang='lat' dir='ltr'><strong>rnn-</strong></span> 
     </span>
     <span class='ocr_line' id='line_1_9' title="bbox 102 955 1111 1020; baseline 0.002 -2"><span class='ocrx_word' id='word_1_60' title='bbox 102 955 173 1020; x_wconf 91' lang='lat' dir='ltr'><strong>litus</strong></span> <span class='ocrx_word' id='word_1_61' title='bbox 189 957 295 1018; x_wconf 90' lang='lat' dir='ltr'><strong>eadem</strong></span> <span class='ocrx_word' id='word_1_62' title='bbox 312 956 406 1020; x_wconf 90' lang='lat' dir='ltr'><strong>foret:</strong></span> <span class='ocrx_word' id='word_1_63' title='bbox 430 979 488 1020; x_wconf 88' lang='lat' dir='ltr'><strong>nec</strong></span> <span class='ocrx_word' id='word_1_64' title='bbox 500 957 612 1020; x_wconf 86' lang='lat' dir='ltr'><strong>destitit</strong></span> <span class='ocrx_word' id='word_1_65' title='bbox 624 955 756 1020; x_wconf 88' lang='lat' dir='ltr'><strong>Senatus</strong></span> <span class='ocrx_word' id='word_1_66' title='bbox 768 977 873 1018; x_wconf 88' lang='lat' dir='ltr'><strong>manus</strong></span> <span class='ocrx_word' id='word_1_67' title='bbox 885 957 1033 1020; x_wconf 87' lang='lat' dir='ltr'><strong>intentare</strong></span> <span class='ocrx_word' id='word_1_68' title='bbox 1042 955 1111 1020; x_wconf 92' lang='lat' dir='ltr'><strong>Vo-</strong></span> 
     </span>
     <span class='ocr_line' id='line_1_10' title="bbox 102 1042 1109 1118; baseline 0 -12"><span class='ocrx_word' id='word_1_69' title='bbox 102 1043 190 1118; x_wconf 73' lang='lat' dir='ltr'><strong>culae,</strong></span> <span class='ocrx_word' id='word_1_70' title='bbox 221 1044 319 1106; x_wconf 92' lang='lat' dir='ltr'><strong>donec</strong></span> <span class='ocrx_word' id='word_1_71' title='bbox 348 1043 432 1107; x_wconf 69' lang='lat' dir='ltr'><strong>curib</strong></span> <span class='ocrx_word' id='word_1_72' title='bbox 461 1045 635 1106; x_wconf 86' lang='lat' dir='ltr'><strong>excederet.</strong></span> <span class='ocrx_word' id='word_1_73' title='bbox 683 1043 733 1105; x_wconf 88' lang='lat' dir='ltr'><strong>Ad</strong></span> <span class='ocrx_word' id='word_1_74' title='bbox 761 1042 901 1105; x_wconf 89' lang='lat' dir='ltr'><strong>Pactium</strong></span> <span class='ocrx_word' id='word_1_75' title='bbox 928 1042 1109 1106; x_wconf 87' lang='lat' dir='ltr'><strong>Africanum</strong></span> 
     </span>
     <span class='ocr_line' id='line_1_11' title="bbox 102 1127 1111 1216; baseline 0 -24"><span class='ocrx_word' id='word_1_76' title='bbox 102 1130 288 1209; x_wconf 87' lang='lat' dir='ltr'><strong>transgressi,</strong></span> <span class='ocrx_word' id='word_1_77' title='bbox 304 1151 373 1192; x_wconf 90' lang='lat' dir='ltr'><strong>eum</strong></span> <span class='ocrx_word' id='word_1_78' title='bbox 391 1152 510 1216; x_wconf 93' lang='lat' dir='ltr'><strong>quoque</strong></span> <span class='ocrx_word' id='word_1_79' title='bbox 527 1130 719 1214; x_wconf 85' lang='lat' dir='ltr'><strong>proturbant:</strong></span> <span class='ocrx_word' id='word_1_80' title='bbox 743 1144 885 1214; x_wconf 90' lang='lat' dir='ltr'><strong>tanquam</strong></span> <span class='ocrx_word' id='word_1_81' title='bbox 899 1128 1013 1192; x_wconf 89' lang='lat' dir='ltr'><strong>Neroni</strong></span> <span class='ocrx_word' id='word_1_82' title='bbox 1026 1127 1111 1192; x_wconf 85' lang='lat' dir='ltr'><strong>Scri·</strong></span> 
     </span>
     <span class='ocr_line' id='line_1_12' title="bbox 103 1214 1109 1301; baseline 0 -23"><span class='ocrx_word' id='word_1_83' title='bbox 103 1215 208 1278; x_wconf 89' lang='lat' dir='ltr'><strong>bonios</strong></span> <span class='ocrx_word' id='word_1_84' title='bbox 236 1214 351 1294; x_wconf 85' lang='lat' dir='ltr'><strong>fratres,</strong></span> <span class='ocrx_word' id='word_1_85' title='bbox 366 1217 528 1280; x_wconf 68' lang='lat' dir='ltr'><strong>concordii</strong></span> <span class='ocrx_word' id='word_1_86' title='bbox 551 1217 720 1301; x_wconf 87' lang='lat' dir='ltr'><strong>opibusque</strong></span> <span class='ocrx_word' id='word_1_87' title='bbox 746 1218 887 1298; x_wconf 84' lang='lat' dir='ltr'><strong>insignes,</strong></span> <span class='ocrx_word' id='word_1_88' title='bbox 912 1217 949 1278; x_wconf 93' lang='lat' dir='ltr'><strong>ad</strong></span> <span class='ocrx_word' id='word_1_89' title='bbox 979 1217 1109 1278; x_wconf 83' lang='lat' dir='ltr'><strong>exitium</strong></span> 
     </span>
     <span class='ocr_line' id='line_1_13' title="bbox 105 1301 1112 1386; baseline 0 -22"><span class='ocrx_word' id='word_1_90' title='bbox 105 1303 337 1366; x_wconf 88' lang='lat' dir='ltr'><strong>monstravisset.</strong></span> <span class='ocrx_word' id='word_1_91' title='bbox 372 1303 533 1367; x_wconf 86' lang='lat' dir='ltr'><strong>Africanus</strong></span> <span class='ocrx_word' id='word_1_92' title='bbox 553 1325 652 1386; x_wconf 90' lang='lat' dir='ltr'><strong>neque</strong></span> <span class='ocrx_word' id='word_1_93' title='bbox 675 1301 760 1365; x_wconf 90' lang='lat' dir='ltr'><strong>fateri</strong></span> <span class='ocrx_word' id='word_1_94' title='bbox 776 1304 916 1378; x_wconf 89' lang='lat' dir='ltr'><strong>audebat,</strong></span> <span class='ocrx_word' id='word_1_95' title='bbox 940 1323 1040 1386; x_wconf 89' lang='lat' dir='ltr'><strong>neque</strong></span> <span class='ocrx_word' id='word_1_96' title='bbox 1055 1303 1112 1364; x_wconf 90' lang='lat' dir='ltr'><strong>ab·</strong></span> 
     </span>
     <span class='ocr_line' id='line_1_14' title="bbox 104 1389 1113 1475; baseline 0 -23"><span class='ocrx_word' id='word_1_97' title='bbox 104 1400 197 1452; x_wconf 77' lang='lat' dir='ltr'><strong>nuere</strong></span> <span class='ocrx_word' id='word_1_98' title='bbox 215 1403 349 1471; x_wconf 89' lang='lat' dir='ltr'><strong>poterat:</strong></span> <span class='ocrx_word' id='word_1_99' title='bbox 374 1391 403 1453; x_wconf 93' lang='lat' dir='ltr'><strong>in</strong></span> <span class='ocrx_word' id='word_1_100' title='bbox 419 1389 542 1453; x_wconf 91' lang='lat' dir='ltr'><strong>Vibium</strong></span> <span class='ocrx_word' id='word_1_101' title='bbox 557 1389 713 1472; x_wconf 83' lang='lat' dir='ltr'><strong>Crispum,</strong></span> <span class='ocrx_word' id='word_1_102' title='bbox 728 1389 814 1475; x_wconf 89' lang='lat' dir='ltr'><strong>cujus</strong></span> <span class='ocrx_word' id='word_1_103' title='bbox 828 1389 1113 1470; x_wconf 84' lang='lat' dir='ltr'><strong>interrogationibus</strong></span> 
     </span>
     <span class='ocr_line' id='line_1_15' title="bbox 105 1473 1113 1560; baseline 0 -22"><span class='ocrx_word' id='word_1_104' title='bbox 105 1473 293 1556; x_wconf 82' lang='lat' dir='ltr'><strong>fatigabatur,</strong></span> <span class='ocrx_word' id='word_1_105' title='bbox 308 1477 387 1539; x_wconf 83' lang='lat' dir='ltr'><strong>ultrb</strong></span> <span class='ocrx_word' id='word_1_106' title='bbox 401 1499 574 1553; x_wconf 88' lang='lat' dir='ltr'><strong>conversus,</strong></span> <span class='ocrx_word' id='word_1_107' title='bbox 602 1476 757 1539; x_wconf 91' lang='lat' dir='ltr'><strong>miscendo</strong></span> <span class='ocrx_word' id='word_1_108' title='bbox 783 1499 849 1560; x_wconf 76' lang='lat' dir='ltr'><strong>quc</strong></span> <span class='ocrx_word' id='word_1_109' title='bbox 875 1475 1038 1539; x_wconf 81' lang='lat' dir='ltr'><strong>defendere</strong></span> <span class='ocrx_word' id='word_1_110' title='bbox 1054 1497 1113 1538; x_wconf 89' lang='lat' dir='ltr'><strong>ne·</strong></span> 
     </span>
     <span class='ocr_line' id='line_1_16' title="bbox 105 1563 833 1648; baseline 0.003 -24"><span class='ocrx_word' id='word_1_111' title='bbox 105 1563 218 1648; x_wconf 86' lang='lat' dir='ltr'><strong>quibat,</strong></span> <span class='ocrx_word' id='word_1_112' title='bbox 234 1563 379 1626; x_wconf 87' lang='lat' dir='ltr'><strong>societate</strong></span> <span class='ocrx_word' id='word_1_113' title='bbox 394 1565 491 1648; x_wconf 84' lang='lat' dir='ltr'><strong>culpae</strong></span> <span class='ocrx_word' id='word_1_114' title='bbox 503 1564 644 1626; x_wconf 88' lang='lat' dir='ltr'><strong>invidiam</strong></span> <span class='ocrx_word' id='word_1_115' title='bbox 660 1563 833 1626; x_wconf 87' lang='lat' dir='ltr'><strong>declinavit.</strong></span> 
     </span>
    </p>

    <p class='ocr_par' dir='ltr' id='par_1_5' title="bbox 104 1647 1122 3812">
     <span class='ocr_line' id='line_1_17' title="bbox 150 1647 1113 1734; baseline 0 -22"><span class='ocrx_word' id='word_1_116' title='bbox 150 1647 256 1714; x_wconf 83' lang='lat' dir='ltr'><strong>XLll.</strong></span> <span class='ocrx_word' id='word_1_117' title='bbox 280 1649 425 1732; x_wconf 88' lang='lat' dir='ltr'><strong>Magnam</strong></span> <span class='ocrx_word' id='word_1_118' title='bbox 451 1672 489 1714; x_wconf 91' lang='lat' dir='ltr'><strong>eo</strong></span> <span class='ocrx_word' id='word_1_119' title='bbox 515 1651 564 1714; x_wconf 90' lang='lat' dir='ltr'><strong>die</strong></span> <span class='ocrx_word' id='word_1_120' title='bbox 591 1651 708 1734; x_wconf 90' lang='lat' dir='ltr'><strong>pietatis</strong></span> <span class='ocrx_word' id='word_1_121' title='bbox 731 1649 971 1734; x_wconf 83' lang='lat' dir='ltr'><strong>eloquentiaeque</strong></span> <span class='ocrx_word' id='word_1_122' title='bbox 998 1647 1113 1712; x_wconf 87' lang='lat' dir='ltr'><strong>famam</strong></span> 
     </span>
     <span class='ocr_line' id='line_1_18' title="bbox 104 1733 1112 1822; baseline 0.001 -25"><span class='ocrx_word' id='word_1_123' title='bbox 104 1733 272 1819; x_wconf 88' lang='lat' dir='ltr'><strong>Vipstanus</strong></span> <span class='ocrx_word' id='word_1_124' title='bbox 288 1736 422 1800; x_wconf 86' lang='lat' dir='ltr'><strong>Messala</strong></span> <span class='ocrx_word' id='word_1_125' title='bbox 437 1737 565 1822; x_wconf 89' lang='lat' dir='ltr'><strong>adeptus</strong></span> <span class='ocrx_word' id='word_1_126' title='bbox 587 1752 643 1814; x_wconf 92' lang='lat' dir='ltr'><strong>est,</strong></span> <span class='ocrx_word' id='word_1_127' title='bbox 667 1737 801 1800; x_wconf 89' lang='lat' dir='ltr'><strong>nondum</strong></span> <span class='ocrx_word' id='word_1_128' title='bbox 827 1735 986 1800; x_wconf 71' lang='lat' dir='ltr'><strong>Senatorii:</strong></span> <span class='ocrx_word' id='word_1_129' title='bbox 1009 1751 1112 1816; x_wconf 73' lang='lat' dir='ltr'><strong>aetate,</strong></span> 
     </span>
     <span class='ocr_line' id='line_1_19' title="bbox 105 1822 1112 1910; baseline 0.002 -26"><span class='ocrx_word' id='word_1_130' title='bbox 105 1843 194 1884; x_wconf 89' lang='lat' dir='ltr'><strong>ansus</strong></span> <span class='ocrx_word' id='word_1_131' title='bbox 223 1844 277 1906; x_wconf 92' lang='lat' dir='ltr'><strong>pro</strong></span> <span class='ocrx_word' id='word_1_132' title='bbox 307 1823 406 1900; x_wconf 90' lang='lat' dir='ltr'><strong>fratre,</strong></span> <span class='ocrx_word' id='word_1_133' title='bbox 430 1824 554 1910; x_wconf 84' lang='lat' dir='ltr'><strong>Aquilio</strong></span> <span class='ocrx_word' id='word_1_134' title='bbox 580 1823 713 1906; x_wconf 90' lang='lat' dir='ltr'><strong>Regulo,</strong></span> <span class='ocrx_word' id='word_1_135' title='bbox 737 1824 904 1908; x_wconf 89' lang='lat' dir='ltr'><strong>deprecari.</strong></span> <span class='ocrx_word' id='word_1_136' title='bbox 951 1822 1112 1906; x_wconf 89' lang='lat' dir='ltr'><strong>Regulum</strong></span> 
     </span>
     <span class='ocr_line' id='line_1_20' title="bbox 105 1908 1112 1994; baseline 0 -22"><span class='ocrx_word' id='word_1_137' title='bbox 105 1910 249 1972; x_wconf 88' lang='lat' dir='ltr'><strong>subversa</strong></span> <span class='ocrx_word' id='word_1_138' title='bbox 265 1908 445 1975; x_wconf 88' lang='lat' dir='ltr'><strong>Crassorum</strong></span> <span class='ocrx_word' id='word_1_139' title='bbox 471 1927 502 1975; x_wconf 92' lang='lat' dir='ltr'><strong>et</strong></span> <span class='ocrx_word' id='word_1_140' title='bbox 523 1910 645 1994; x_wconf 91' lang='lat' dir='ltr'><strong>Orphiti</strong></span> <span class='ocrx_word' id='word_1_141' title='bbox 662 1911 769 1973; x_wconf 88' lang='lat' dir='ltr'><strong>domus</strong></span> <span class='ocrx_word' id='word_1_142' title='bbox 791 1913 821 1974; x_wconf 93' lang='lat' dir='ltr'><strong>in</strong></span> <span class='ocrx_word' id='word_1_143' title='bbox 837 1931 988 1974; x_wconf 87' lang='lat' dir='ltr'><strong>summum</strong></span> <span class='ocrx_word' id='word_1_144' title='bbox 1005 1910 1112 1972; x_wconf 87' lang='lat' dir='ltr'><strong>odium</strong></span> 
     </span>
     <span class='ocr_line' id='line_1_21' title="bbox 105 1995 1113 2080; baseline 0.001 -23"><span class='ocrx_word' id='word_1_145' title='bbox 105 1995 265 2057; x_wconf 80' lang='lat' dir='ltr'><strong>extulerat.</strong></span> <span class='ocrx_word' id='word_1_146' title='bbox 315 1995 432 2080; x_wconf 89' lang='lat' dir='ltr'><strong>Sponte</strong></span> <span class='ocrx_word' id='word_1_147' title='bbox 455 2019 496 2060; x_wconf 86' lang='lat' dir='ltr'><strong>ex</strong></span> <span class='ocrx_word' id='word_1_148' title='bbox 517 1996 648 2060; x_wconf 81' lang='lat' dir='ltr'><strong>Senattis</strong></span> <span class='ocrx_word' id='word_1_149' title='bbox 663 1998 801 2060; x_wconf 89' lang='lat' dir='ltr'><strong>consulto</strong></span> <span class='ocrx_word' id='word_1_150' title='bbox 820 1998 1041 2060; x_wconf 86' lang='lat' dir='ltr'><strong>accusationem</strong></span> <span class='ocrx_word' id='word_1_151' title='bbox 1058 2018 1113 2059; x_wconf 90' lang='lat' dir='ltr'><strong>su·</strong></span> 
     </span>
     <span class='ocr_line' id='line_1_22' title="bbox 105 2079 1112 2168; baseline 0.002 -24"><span class='ocrx_word' id='word_1_152' title='bbox 105 2079 184 2144; x_wconf 89' lang='lat' dir='ltr'><strong>bisse</strong></span> <span class='ocrx_word' id='word_1_153' title='bbox 203 2080 325 2166; x_wconf 89' lang='lat' dir='ltr'><strong>juvenis</strong></span> <span class='ocrx_word' id='word_1_154' title='bbox 347 2084 522 2161; x_wconf 91' lang='lat' dir='ltr'><strong>admodum,</strong></span> <span class='ocrx_word' id='word_1_155' title='bbox 552 2105 610 2146; x_wconf 90' lang='lat' dir='ltr'><strong>nec</strong></span> <span class='ocrx_word' id='word_1_156' title='bbox 637 2084 810 2168; x_wconf 88' lang='lat' dir='ltr'><strong>depellendi</strong></span> <span class='ocrx_word' id='word_1_157' title='bbox 835 2083 970 2168; x_wconf 88' lang='lat' dir='ltr'><strong>periculi,</strong></span> <span class='ocrx_word' id='word_1_158' title='bbox 996 2083 1051 2145; x_wconf 90' lang='lat' dir='ltr'><strong>sed</strong></span> <span class='ocrx_word' id='word_1_159' title='bbox 1077 2083 1112 2146; x_wconf 89' lang='lat' dir='ltr'><strong>in</strong></span> 
     </span>
     <span class='ocr_line' id='line_1_23' title="bbox 104 2168 1112 2252; baseline 0 -20"><span class='ocrx_word' id='word_1_160' title='bbox 104 2189 191 2250; x_wconf 84' lang='lat' dir='ltr'><strong>spem</strong></span> <span class='ocrx_word' id='word_1_161' title='bbox 209 2171 347 2252; x_wconf 75' lang='lat' dir='ltr'><strong>potentie</strong></span> <span class='ocrx_word' id='word_1_162' title='bbox 364 2171 531 2234; x_wconf 86' lang='lat' dir='ltr'><strong>videbatur.</strong></span> <span class='ocrx_word' id='word_1_163' title='bbox 577 2169 621 2231; x_wconf 89' lang='lat' dir='ltr'><strong>Et</strong></span> <span class='ocrx_word' id='word_1_164' title='bbox 636 2171 770 2252; x_wconf 89' lang='lat' dir='ltr'><strong>Sulpicia</strong></span> <span class='ocrx_word' id='word_1_165' title='bbox 785 2171 981 2245; x_wconf 86' lang='lat' dir='ltr'><strong>Praetextata,</strong></span> <span class='ocrx_word' id='word_1_166' title='bbox 1004 2168 1112 2232; x_wconf 86' lang='lat' dir='ltr'><strong>Crassi</strong></span> 
     </span>
     <span class='ocr_line' id='line_1_24' title="bbox 105 2255 1112 2341; baseline 0.001 -24"><span class='ocrx_word' id='word_1_167' title='bbox 105 2276 192 2331; x_wconf 86' lang='lat' dir='ltr'><strong>uxor,</strong></span> <span class='ocrx_word' id='word_1_168' title='bbox 218 2270 405 2341; x_wconf 88' lang='lat' dir='ltr'><strong>quatuorque</strong></span> <span class='ocrx_word' id='word_1_169' title='bbox 428 2257 526 2332; x_wconf 87' lang='lat' dir='ltr'><strong>liberi,</strong></span> <span class='ocrx_word' id='word_1_170' title='bbox 555 2256 579 2317; x_wconf 90' lang='lat' dir='ltr'><strong>si</strong></span> <span class='ocrx_word' id='word_1_171' title='bbox 605 2269 803 2337; x_wconf 88' lang='lat' dir='ltr'><strong>cognosceret</strong></span> <span class='ocrx_word' id='word_1_172' title='bbox 827 2255 970 2332; x_wconf 86' lang='lat' dir='ltr'><strong>Senatus,</strong></span> <span class='ocrx_word' id='word_1_173' title='bbox 995 2255 1112 2318; x_wconf 82' lang='lat' dir='ltr'><strong>ultores</strong></span> 
     </span>
     <span class='ocr_line' id='line_1_25' title="bbox 106 2341 1112 2425; baseline -0.001 -21"><span class='ocrx_word' id='word_1_174' title='bbox 106 2341 253 2404; x_wconf 83' lang='lat' dir='ltr'><strong>aderant.¹</strong></span> <span class='ocrx_word' id='word_1_175' title='bbox 287 2341 378 2424; x_wconf 88' lang='lat' dir='ltr'><strong>Igitur</strong></span> <span class='ocrx_word' id='word_1_176' title='bbox 398 2341 531 2406; x_wconf 88' lang='lat' dir='ltr'><strong>Messala</strong></span> <span class='ocrx_word' id='word_1_177' title='bbox 547 2363 605 2403; x_wconf 92' lang='lat' dir='ltr'><strong>non</strong></span> <span class='ocrx_word' id='word_1_178' title='bbox 621 2363 754 2418; x_wconf 89' lang='lat' dir='ltr'><strong>causam,</strong></span> <span class='ocrx_word' id='word_1_179' title='bbox 781 2363 881 2425; x_wconf 91' lang='lat' dir='ltr'><strong>oeque</strong></span> <span class='ocrx_word' id='word_1_180' title='bbox 907 2363 993 2404; x_wconf 92' lang='lat' dir='ltr'><strong>reum</strong></span> <span class='ocrx_word' id='word_1_181' title='bbox 1020 2341 1112 2420; x_wconf 89' lang='lat' dir='ltr'><strong>tueri,</strong></span> 
     </span>
     <span class='ocr_line' id='line_1_26' title="bbox 105 2427 1110 2513; baseline -0.001 -22"><span class='ocrx_word' id='word_1_182' title='bbox 105 2427 159 2491; x_wconf 88' lang='lat' dir='ltr'><strong>sed</strong></span> <span class='ocrx_word' id='word_1_183' title='bbox 188 2428 326 2510; x_wconf 88' lang='lat' dir='ltr'><strong>periculis</strong></span> <span class='ocrx_word' id='word_1_184' title='bbox 352 2427 447 2492; x_wconf 90' lang='lat' dir='ltr'><strong>fratris</strong></span> <span class='ocrx_word' id='word_1_185' title='bbox 478 2443 576 2492; x_wconf 88' lang='lat' dir='ltr'><strong>semet</strong></span> <span class='ocrx_word' id='word_1_186' title='bbox 602 2450 770 2512; x_wconf 89' lang='lat' dir='ltr'><strong>opponens,</strong></span> <span class='ocrx_word' id='word_1_187' title='bbox 797 2427 925 2491; x_wconf 84' lang='lat' dir='ltr'><strong>flexerat</strong></span> <span class='ocrx_word' id='word_1_188' title='bbox 949 2428 1110 2513; x_wconf 88' lang='lat' dir='ltr'><strong>quosdam.</strong></span> 
     </span>
     <span class='ocr_line' id='line_1_27' title="bbox 107 2513 1114 2600; baseline 0 -24"><span class='ocrx_word' id='word_1_189' title='bbox 107 2513 250 2576; x_wconf 89' lang='lat' dir='ltr'><strong>Occurrit</strong></span> <span class='ocrx_word' id='word_1_190' title='bbox 274 2515 348 2578; x_wconf 91' lang='lat' dir='ltr'><strong>truci</strong></span> <span class='ocrx_word' id='word_1_191' title='bbox 370 2516 505 2578; x_wconf 89' lang='lat' dir='ltr'><strong>oratione</strong></span> <span class='ocrx_word' id='word_1_192' title='bbox 521 2514 645 2578; x_wconf 87' lang='lat' dir='ltr'><strong>Curtius</strong></span> <span class='ocrx_word' id='word_1_193' title='bbox 661 2515 835 2592; x_wconf 88' lang='lat' dir='ltr'><strong>Montanus,</strong></span> <span class='ocrx_word' id='word_1_194' title='bbox 859 2513 897 2578; x_wconf 84' lang='lat' dir='ltr'><strong>eb</strong></span> <span class='ocrx_word' id='word_1_195' title='bbox 921 2535 1016 2600; x_wconf 91' lang='lat' dir='ltr'><strong>usque</strong></span> <span class='ocrx_word' id='word_1_196' title='bbox 1040 2535 1114 2598; x_wconf 85' lang='lat' dir='ltr'><strong>pro-</strong></span> 
     </span>
     <span class='ocr_line' id='line_1_28' title="bbox 107 2600 1112 2682; baseline 0 -18"><span class='ocrx_word' id='word_1_197' title='bbox 107 2621 236 2682; x_wconf 80' lang='lat' dir='ltr'><strong>gressae,</strong></span> <span class='ocrx_word' id='word_1_198' title='bbox 253 2616 296 2677; x_wconf 91' lang='lat' dir='ltr'><strong>ut,</strong></span> <span class='ocrx_word' id='word_1_199' title='bbox 312 2607 400 2682; x_wconf 88' lang='lat' dir='ltr'><strong>‘post</strong></span> <span class='ocrx_word' id='word_1_200' title='bbox 414 2602 528 2664; x_wconf 73' lang='lat' dir='ltr'><strong>casdem</strong></span> <span class='ocrx_word' id='word_1_201' title='bbox 542 2601 658 2677; x_wconf 85' lang='lat' dir='ltr'><strong>Galbae,</strong></span> <span class='ocrx_word' id='word_1_202' title='bbox 675 2603 775 2664; x_wconf 89' lang='lat' dir='ltr'><strong>datam</strong></span> <span class='ocrx_word' id='word_1_203' title='bbox 792 2600 972 2665; x_wconf 90' lang='lat' dir='ltr'><strong>interfectori</strong></span> <span class='ocrx_word' id='word_1_204' title='bbox 989 2600 1112 2664; x_wconf 87' lang='lat' dir='ltr'><strong>Pisonis</strong></span> 
     </span>
     <span class='ocr_line' id='line_1_29' title="bbox 109 2685 1111 2772; baseline 0.001 -24"><span class='ocrx_word' id='word_1_205' title='bbox 109 2688 268 2771; x_wconf 90' lang='lat' dir='ltr'><strong>pecuniam</strong></span> <span class='ocrx_word' id='word_1_206' title='bbox 285 2709 302 2749; x_wconf 94' lang='lat' dir='ltr'><strong>a</strong></span> <span class='ocrx_word' id='word_1_207' title='bbox 318 2685 450 2767; x_wconf 87' lang='lat' dir='ltr'><strong>Regulo,</strong></span> <span class='ocrx_word' id='word_1_208' title='bbox 477 2689 703 2772; x_wconf 86' lang='lat' dir='ltr'><strong>appetitumque</strong></span> <span class='ocrx_word' id='word_1_209' title='bbox 727 2710 826 2752; x_wconf 88' lang='lat' dir='ltr'><strong>morsu</strong></span> <span class='ocrx_word' id='word_1_210' title='bbox 851 2688 970 2751; x_wconf 91' lang='lat' dir='ltr'><strong>Pisonis</strong></span> <span class='ocrx_word' id='word_1_211' title='bbox 995 2687 1111 2772; x_wconf 89' lang='lat' dir='ltr'><strong>caput,’</strong></span> 
     </span>
     <span class='ocr_line' id='line_1_30' title="bbox 107 2772 1112 2860; baseline 0 -24"><span class='ocrx_word' id='word_1_212' title='bbox 107 2772 284 2859; x_wconf 88' lang='lat' dir='ltr'><strong>objectaret.</strong></span> <span class='ocrx_word' id='word_1_213' title='bbox 330 2773 421 2838; x_wconf 90' lang='lat' dir='ltr'><strong>‘Hoc</strong></span> <span class='ocrx_word' id='word_1_214' title='bbox 444 2775 550 2852; x_wconf 77' lang='lat' dir='ltr'><strong>certe,&#39;</strong></span> <span class='ocrx_word' id='word_1_215' title='bbox 567 2775 672 2860; x_wconf 92' lang='lat' dir='ltr'><strong>inquit,</strong></span> <span class='ocrx_word' id='word_1_216' title='bbox 699 2773 803 2837; x_wconf 87' lang='lat' dir='ltr'><strong>‘Nero</strong></span> <span class='ocrx_word' id='word_1_217' title='bbox 828 2797 888 2838; x_wconf 90' lang='lat' dir='ltr'><strong>non</strong></span> <span class='ocrx_word' id='word_1_218' title='bbox 914 2775 1025 2856; x_wconf 91' lang='lat' dir='ltr'><strong>coegit,</strong></span> <span class='ocrx_word' id='word_1_219' title='bbox 1050 2793 1112 2837; x_wconf 86' lang='lat' dir='ltr'><strong>nec</strong></span> 
     </span>
     <span class='ocr_line' id='line_1_31' title="bbox 108 2860 1112 2942; baseline 0 -20"><span class='ocrx_word' id='word_1_220' title='bbox 108 2860 295 2942; x_wconf 90' lang='lat' dir='ltr'><strong>dignitatem,</strong></span> <span class='ocrx_word' id='word_1_221' title='bbox 312 2875 362 2923; x_wconf 90' lang='lat' dir='ltr'><strong>aut</strong></span> <span class='ocrx_word' id='word_1_222' title='bbox 378 2861 516 2938; x_wconf 86' lang='lat' dir='ltr'><strong>salutem,</strong></span> <span class='ocrx_word' id='word_1_223' title='bbox 533 2861 585 2923; x_wconf 75' lang='lat' dir='ltr'><strong>itta</strong></span> <span class='ocrx_word' id='word_1_224' title='bbox 598 2860 712 2924; x_wconf 68' lang='lat' dir='ltr'><strong>saevitiis</strong></span> <span class='ocrx_word' id='word_1_225' title='bbox 727 2863 890 2926; x_wconf 89' lang='lat' dir='ltr'><strong>redemisti.</strong></span> <span class='ocrx_word' id='word_1_226' title='bbox 935 2860 1017 2923; x_wconf 74' lang='lat' dir='ltr'><strong>Sani:</strong></span> <span class='ocrx_word' id='word_1_227' title='bbox 1032 2860 1112 2922; x_wconf 84' lang='lat' dir='ltr'><strong>tole-</strong></span> 
     </span>
     <span class='ocr_line' id='line_1_32' title="bbox 108 2946 1113 3032; baseline -0.001 -22"><span class='ocrx_word' id='word_1_228' title='bbox 108 2968 209 3010; x_wconf 89' lang='lat' dir='ltr'><strong>remus</strong></span> <span class='ocrx_word' id='word_1_229' title='bbox 221 2948 344 3012; x_wconf 92' lang='lat' dir='ltr'><strong>istorum</strong></span> <span class='ocrx_word' id='word_1_230' title='bbox 357 2946 557 3024; x_wconf 87' lang='lat' dir='ltr'><strong>defensiones,</strong></span> <span class='ocrx_word' id='word_1_231' title='bbox 574 2949 623 3032; x_wconf 91' lang='lat' dir='ltr'><strong>qui</strong></span> <span class='ocrx_word' id='word_1_232' title='bbox 642 2948 768 3030; x_wconf 87' lang='lat' dir='ltr'><strong>perdere</strong></span> <span class='ocrx_word' id='word_1_233' title='bbox 784 2949 867 3025; x_wconf 90' lang='lat' dir='ltr'><strong>alios,</strong></span> <span class='ocrx_word' id='word_1_234' title='bbox 884 2947 973 3032; x_wconf 74' lang='lat' dir='ltr'><strong>quam</strong></span> <span class='ocrx_word' id='word_1_235' title='bbox 993 2947 1113 3030; x_wconf 79' lang='lat' dir='ltr'><strong>pericli-</strong></span> 
     </span>
     <span class='ocr_line' id='line_1_33' title="bbox 106 3033 1112 3119; baseline 0 -23"><span class='ocrx_word' id='word_1_236' title='bbox 106 3035 162 3096; x_wconf 90' lang='lat' dir='ltr'><strong>tari</strong></span> <span class='ocrx_word' id='word_1_237' title='bbox 179 3034 246 3117; x_wconf 90' lang='lat' dir='ltr'><strong>ipsi,</strong></span> <span class='ocrx_word' id='word_1_238' title='bbox 263 3035 443 3097; x_wconf 88' lang='lat' dir='ltr'><strong>maluerunt.</strong></span> <span class='ocrx_word' id='word_1_239' title='bbox 489 3033 538 3096; x_wconf 90' lang='lat' dir='ltr'><strong>Te</strong></span> <span class='ocrx_word' id='word_1_240' title='bbox 551 3056 689 3097; x_wconf 88' lang='lat' dir='ltr'><strong>securum</strong></span> <span class='ocrx_word' id='word_1_241' title='bbox 703 3035 863 3119; x_wconf 85' lang='lat' dir='ltr'><strong>reliquerat</strong></span> <span class='ocrx_word' id='word_1_242' title='bbox 878 3035 949 3097; x_wconf 88' lang='lat' dir='ltr'><strong>exul</strong></span> <span class='ocrx_word' id='word_1_243' title='bbox 967 3048 1061 3118; x_wconf 91' lang='lat' dir='ltr'><strong>pater,</strong></span> <span class='ocrx_word' id='word_1_244' title='bbox 1078 3046 1112 3096; x_wconf 91' lang='lat' dir='ltr'><strong>et</strong></span> 
     </span>
     <span class='ocr_line' id='line_1_34' title="bbox 108 3120 1110 3203; baseline 0.001 -21"><span class='ocrx_word' id='word_1_245' title='bbox 108 3120 203 3182; x_wconf 89' lang='lat' dir='ltr'><strong>divisa</strong></span> <span class='ocrx_word' id='word_1_246' title='bbox 219 3121 296 3184; x_wconf 91' lang='lat' dir='ltr'><strong>inter</strong></span> <span class='ocrx_word' id='word_1_247' title='bbox 311 3121 473 3184; x_wconf 91' lang='lat' dir='ltr'><strong>creditores</strong></span> <span class='ocrx_word' id='word_1_248' title='bbox 488 3121 577 3198; x_wconf 89' lang='lat' dir='ltr'><strong>bona,</strong></span> <span class='ocrx_word' id='word_1_249' title='bbox 594 3122 727 3184; x_wconf 89' lang='lat' dir='ltr'><strong>nondum</strong></span> <span class='ocrx_word' id='word_1_250' title='bbox 741 3121 887 3184; x_wconf 90' lang='lat' dir='ltr'><strong>bonorum</strong></span> <span class='ocrx_word' id='word_1_251' title='bbox 902 3139 1001 3203; x_wconf 85' lang='lat' dir='ltr'><strong>capax</strong></span> <span class='ocrx_word' id='word_1_252' title='bbox 1017 3134 1110 3184; x_wconf 82' lang='lat' dir='ltr'><strong>aetas:</strong></span> 
     </span>
     <span class='ocr_line' id='line_1_35' title="bbox 107 3207 1122 3292; baseline -0.005 -22"><span class='ocrx_word' id='word_1_253' title='bbox 107 3207 180 3270; x_wconf 91' lang='lat' dir='ltr'><strong>nibil</strong></span> <span class='ocrx_word' id='word_1_254' title='bbox 196 3207 276 3290; x_wconf 93' lang='lat' dir='ltr'><strong>quod</strong></span> <span class='ocrx_word' id='word_1_255' title='bbox 292 3228 332 3271; x_wconf 82' lang='lat' dir='ltr'><strong>ex</strong></span> <span class='ocrx_word' id='word_1_256' title='bbox 355 3222 385 3270; x_wconf 89' lang='lat' dir='ltr'><strong>te</strong></span> <span class='ocrx_word' id='word_1_257' title='bbox 408 3208 637 3290; x_wconf 87' lang='lat' dir='ltr'><strong>concupisceret</strong></span> <span class='ocrx_word' id='word_1_258' title='bbox 663 3207 759 3284; x_wconf 89' lang='lat' dir='ltr'><strong>Nero,</strong></span> <span class='ocrx_word' id='word_1_259' title='bbox 783 3208 854 3270; x_wconf 89' lang='lat' dir='ltr'><strong>nibil</strong></span> <span class='ocrx_word' id='word_1_260' title='bbox 882 3208 960 3292; x_wconf 92' lang='lat' dir='ltr'><strong>quod</strong></span> <span class='ocrx_word' id='word_1_261' title='bbox 977 3208 1122 3270; x_wconf 89' lang='lat' dir='ltr'><strong>timeret..</strong></span> 
     </span>
     <span class='ocr_line' id='line_1_36' title="bbox 108 3291 1113 3376; baseline -0.001 -20"><span class='ocrx_word' id='word_1_262' title='bbox 108 3291 249 3356; x_wconf 88' lang='lat' dir='ltr'><strong>Libidine</strong></span> <span class='ocrx_word' id='word_1_263' title='bbox 261 3293 412 3374; x_wconf 82' lang='lat' dir='ltr'><strong>sanguinis</strong></span> <span class='ocrx_word' id='word_1_264' title='bbox 424 3308 454 3357; x_wconf 92' lang='lat' dir='ltr'><strong>et</strong></span> <span class='ocrx_word' id='word_1_265' title='bbox 467 3295 547 3356; x_wconf 89' lang='lat' dir='ltr'><strong>hiatu</strong></span> <span class='ocrx_word' id='word_1_266' title='bbox 562 3295 747 3376; x_wconf 88' lang='lat' dir='ltr'><strong>praemiorum</strong></span> <span class='ocrx_word' id='word_1_267' title='bbox 761 3295 894 3374; x_wconf 87' lang='lat' dir='ltr'><strong>ignotum</strong></span> <span class='ocrx_word' id='word_1_268' title='bbox 911 3295 1010 3356; x_wconf 80' lang='lat' dir='ltr'><strong>adhuc</strong></span> <span class='ocrx_word' id='word_1_269' title='bbox 1026 3295 1113 3374; x_wconf 88' lang='lat' dir='ltr'><strong>inge·</strong></span> 
     </span>
     <span class='ocr_line' id='line_1_37' title="bbox 108 3379 1113 3464; baseline 0 -22"><span class='ocrx_word' id='word_1_270' title='bbox 108 3379 203 3455; x_wconf 89' lang='lat' dir='ltr'><strong>nium,</strong></span> <span class='ocrx_word' id='word_1_271' title='bbox 226 3395 257 3442; x_wconf 90' lang='lat' dir='ltr'><strong>et</strong></span> <span class='ocrx_word' id='word_1_272' title='bbox 276 3380 363 3442; x_wconf 91' lang='lat' dir='ltr'><strong>nullis</strong></span> <span class='ocrx_word' id='word_1_273' title='bbox 378 3379 601 3442; x_wconf 81' lang='lat' dir='ltr'><strong>defensionibus</strong></span> <span class='ocrx_word' id='word_1_274' title='bbox 616 3395 787 3464; x_wconf 89' lang='lat' dir='ltr'><strong>expertum,</strong></span> <span class='ocrx_word' id='word_1_275' title='bbox 809 3381 893 3442; x_wconf 77' lang='lat' dir='ltr'><strong>carde</strong></span> <span class='ocrx_word' id='word_1_276' title='bbox 909 3381 999 3443; x_wconf 91' lang='lat' dir='ltr'><strong>nobili</strong></span> <span class='ocrx_word' id='word_1_277' title='bbox 1015 3381 1113 3443; x_wconf 89' lang='lat' dir='ltr'><strong>imbu-</strong></span> 
     </span>
     <span class='ocr_line' id='line_1_38' title="bbox 107 3464 1111 3550; baseline -0.002 -20"><span class='ocrx_word' id='word_1_278' title='bbox 107 3465 174 3530; x_wconf 84' lang='lat' dir='ltr'><strong>isti:</strong></span> <span class='ocrx_word' id='word_1_279' title='bbox 196 3465 266 3528; x_wconf 85' lang='lat' dir='ltr'><strong>cirm</strong></span> <span class='ocrx_word' id='word_1_280' title='bbox 283 3487 322 3528; x_wconf 86' lang='lat' dir='ltr'><strong>ex</strong></span> <span class='ocrx_word' id='word_1_281' title='bbox 339 3464 442 3529; x_wconf 88' lang='lat' dir='ltr'><strong>funere</strong></span> <span class='ocrx_word' id='word_1_282' title='bbox 455 3467 644 3549; x_wconf 84' lang='lat' dir='ltr'><strong>Reipublicae</strong></span> <span class='ocrx_word' id='word_1_283' title='bbox 660 3467 751 3550; x_wconf 88' lang='lat' dir='ltr'><strong>raptis</strong></span> <span class='ocrx_word' id='word_1_284' title='bbox 766 3465 981 3529; x_wconf 89' lang='lat' dir='ltr'><strong>Consularibus</strong></span> <span class='ocrx_word' id='word_1_285' title='bbox 995 3465 1111 3550; x_wconf 87' lang='lat' dir='ltr'><strong>spoliis,</strong></span> 
     </span>
     <span class='ocr_line' id='line_1_39' title="bbox 107 3551 1113 3636; baseline 0.001 -22"><span class='ocrx_word' id='word_1_286' title='bbox 107 3553 277 3636; x_wconf 88' lang='lat' dir='ltr'><strong>septuagies</strong></span> <span class='ocrx_word' id='word_1_287' title='bbox 289 3553 426 3616; x_wconf 86' lang='lat' dir='ltr'><strong>sestertio</strong></span> <span class='ocrx_word' id='word_1_288' title='bbox 441 3553 591 3634; x_wconf 89' lang='lat' dir='ltr'><strong>saginatus</strong></span> <span class='ocrx_word' id='word_1_289' title='bbox 607 3567 638 3616; x_wconf 90' lang='lat' dir='ltr'><strong>et</strong></span> <span class='ocrx_word' id='word_1_290' title='bbox 652 3553 821 3616; x_wconf 90' lang='lat' dir='ltr'><strong>sacerdotio</strong></span> <span class='ocrx_word' id='word_1_291' title='bbox 834 3551 962 3634; x_wconf 84' lang='lat' dir='ltr'><strong>fulgens,</strong></span> <span class='ocrx_word' id='word_1_292' title='bbox 973 3553 1113 3616; x_wconf 85' lang='lat' dir='ltr'><strong>innoxios</strong></span> 
     </span>
     <span class='ocr_line' id='line_1_40' title="bbox 107 3638 1113 3724; baseline 0.002 -24"><span class='ocrx_word' id='word_1_293' title='bbox 107 3660 228 3724; x_wconf 91' lang='lat' dir='ltr'><strong>pueros,</strong></span> <span class='ocrx_word' id='word_1_294' title='bbox 255 3639 384 3702; x_wconf 88' lang='lat' dir='ltr'><strong>illustres</strong></span> <span class='ocrx_word' id='word_1_295' title='bbox 407 3659 507 3715; x_wconf 89' lang='lat' dir='ltr'><strong>senes,</strong></span> <span class='ocrx_word' id='word_1_296' title='bbox 532 3640 711 3721; x_wconf 88' lang='lat' dir='ltr'><strong>conspicuas</strong></span> <span class='ocrx_word' id='word_1_297' title='bbox 737 3638 874 3702; x_wconf 84' lang='lat' dir='ltr'><strong>foeminas</strong></span> <span class='ocrx_word' id='word_1_298' title='bbox 890 3639 998 3702; x_wconf 74' lang='lat' dir='ltr'><strong>ebdetn</strong></span> <span class='ocrx_word' id='word_1_299' title='bbox 1026 3639 1113 3702; x_wconf 64' lang='lat' dir='ltr'><strong>ruini</strong></span> 
     </span>
     <span class='ocr_line' id='line_1_41' title="bbox 108 3724 1113 3812; baseline 0.001 -24"><span class='ocrx_word' id='word_1_300' title='bbox 108 3740 330 3810; x_wconf 88' lang='lat' dir='ltr'><strong>prosterneres:</strong></span> <span class='ocrx_word' id='word_1_301' title='bbox 352 3725 422 3790; x_wconf 78' lang='lat' dir='ltr'><strong>clam</strong></span> <span class='ocrx_word' id='word_1_302' title='bbox 438 3724 594 3809; x_wconf 87' lang='lat' dir='ltr'><strong>segnitiam</strong></span> <span class='ocrx_word' id='word_1_303' title='bbox 611 3724 741 3790; x_wconf 87' lang='lat' dir='ltr'><strong>Neronis</strong></span> <span class='ocrx_word' id='word_1_304' title='bbox 763 3727 926 3806; x_wconf 88' lang='lat' dir='ltr'><strong>incusares,</strong></span> <span class='ocrx_word' id='word_1_305' title='bbox 950 3725 1031 3812; x_wconf 82' lang='lat' dir='ltr'><strong>qudd</strong></span> <span class='ocrx_word' id='word_1_306' title='bbox 1057 3747 1113 3812; x_wconf 87' lang='lat' dir='ltr'><strong>per</strong></span> 
     </span>
    </p>
   </div>
   <div class='ocr_carea' id='block_1_5' title="bbox 0 0 1249 4316">
    <p class='ocr_par' dir='ltr' id='par_1_6' title="bbox 0 0 1249 4316">
     <span class='ocr_line' id='line_1_42' title="bbox 0 0 1249 4316; baseline 0 0"><span class='ocrx_word' id='word_1_307' title='bbox 0 0 1249 4316; x_wconf 95' lang='lat' dir='ltr'><strong> </strong></span> 
     </span>
    </p>
   </div>
  </div>
 </body>
</html>
