2556 4446
99 211 165 277 224
438 205 479 271 Ο.
503 203 613 272 cona.
636 203 761 270 Trcrrr

143 369 273 438 XXIV.
297 369 417 446 Quinto
432 370 661 454 expeditionum
677 391 765 447 anno,
791 391 867 434 nave
891 323 988 456 primis
1011 387 1113 440 trans·

99 449 363 546 gmssfis,.ignotas
378 457 416 520 ad
432 457 461 520 id
479 472 599 540 tempus
611 471 717 540 gentes
732 457 845 520 crebris
860 457 948 522 simul
969 481 1005 523 ac
1023 483 1112 546 pros·

99 547 180 698 peris
196 546 303 650 praeliis
326 544 460 650 domuit:
492 565 620 628 eamque
638 558 753 628 partem
770 542 944 622 Britannia,
968 567 1033 630 qua
1050 546 1112 611 Hi-

122 635 235 698 erniam
251 631 367 715 aspicit,
390 631 486 714 copiis
501 631 651 708 instruxit,
673 624 815 714 in‘spem
838 629 944 714 magis,
960 633 1051 716 quarn
1067 635 1110 698 ob

100 719 311 784 formidinem:
335 717 360 780 si
383 718 507 802 quidem
524 716 680 795 Hibernia,
704 717 806 780 medio
825 717 902 780 inter
917 717 1109 786 Britanniam

100 821 191 892 atque
207 804 384 890 Hispaniam
401 805 466 880 sita,
490 820 521 869 et
547 803 665 867 Gallico
681 826 803 889 quoque
826 806 900 868 mari
923 821 1108 890 opportuna,

98 893 333 964 valentissimam
354 889 477 975 Imperii
501 876 616 976 partem
633 891 750 974 magnis
763 891 893 954 invicem
910 891 1012 956 usibus
1034 895 1109 958 mis·

98 981 206 1045 cuerit.
251 977 390 1062 Spatium
407 978 482 1060 ejus,
498 979 523 1041 si
539 977 702 1041 Britannia
717 992 918 1062 comparetur,
940 981 1106 1061 angustius,

56 1113 59 1118 -
98 1041 577 1149 nostrffirarisinmlassup'erat.
623 1064 729 1128 Solum
746 1056 1106 1150 coelumqtsedtingenia

39 1204 46 1217 .
66 1203 69 1210 ,
98 1154 195 1218 cultus
219 1148 257 1215 t(e
270 1152 424 1214 hominum
441 1151 521 1214 baud
537 1151 665 1215 multbm
682 1151 869 1214 aBritannilt
881 1151 1104 1228 differamur-,e

65 1235 75 1332 l
98 1263 129 1304 tn
145 1229 410 1317 melrusfflitus
426 1253 590 1324 portusque
614 1260 668 1322 per
694 1239 877 1301 commercia
892 1252 923 1302 et
938 1240 1108 1322 negotiata·

98 1347 147 1391 res
161 1325 285 1408 cogniti.
323 1323 468 1406 Agricola
484 1325 644 1410 expulsum
660 1325 808 1388 seditione
825 1323 1107 1390 domestica'unum

99 1435 140 1478 ex
156 1411 285 1496 Regalis
300 1413 398 1496 gentis
412 1427 587 1496 exceperat,
604 1433 639 1474 ac
654 1411 757 1494 specie
773 1412 910 1474 amicitiae
926 1413 955 1474 in
972 1414 1108 1476 occasio·

99 1493 171 1565 bern
187 1499 344 1564 retinebat.
390 1497 479 1582 Saepb
495 1521 536 1562 ex
557 1519 596 1562 eo
619 1498 730 1574 audivi,
751 1497 871 1579 legione
887 1497 948 1560 unit
963 1514 993 1563 et
1008 1499 1107 1564 modi·

98 1588 142 1652 cis
158 1587 275 1650 auxiliis
291 1585 434 1648 debellari
450 1585 637 1669 obtinerique
660 1583 837 1648 Hiberniam
859 1605 960 1668 posse.
1006 1584 1106 1670 quue

99 1674 190 1738 etiam
207 1671 350 1752 adversita
364 1669 552 1734 Britanniam
570 1669 767 1754 profuturum,
794 1671 817 1734 si
835 1670 976 1735 Romana
991 1672 1106 1757 ubique

100 1781 194 1835 arma,
207 1773 238 1822 et
254 1759 338 1822 velut
353 1779 371 1820 e
386 1773 551 1843 conspectu
568 1757 688 1821 libertas
704 1758 870 1822 tolleretur.

144 1843 253 1910 XXV.
278 1844 427 1908 Ceteritm
443 1833 557 1922 estate,
580 1844 641 1930 qud
666 1859 786 1908 sextum
811 1845 901 1908 officii
923 1865 1035 1908 annum
1058 1845 1104 1908 in·

99 1932 239 2009 choabat,
256 1922 416 2016 amplexus
431 1931 565 1996 civitates
577 1947 658 1994 trans
671 1931 847 1994 Bodotriam
864 1932 946 2008 sitas,
957 1933 1027 2017 quia
1038 1953 1105 1995 mo-

98 2034 147 2086 tus
161 2019 368 2082 universarum
396 2017 473 2081 ultra
498 2019 645 2100 gentium,
672 2033 703 2082 et
727 2017 833 2081 infesta
850 2019 949 2081 hostili
965 2019 1104 2082 exercitu

98 2089 216 2184 itineri,
232 2095 422 2181 tintebanttfr,
437 2121 538 2187 portus
549 2091 653 2168 classe
662 2105 848 2189 exploravit:
873 2127 950 2190 quae,
967 2107 1004 2168 ab
1014 2107 1104 2188 Agri·

98 2193 167 2265 colit
183 2192 312 2277 primirm
328 2178 463 2255 assumta
474 2193 503 2254 in
520 2207 636 2276 partem
651 2192 768 2267 virium,
783 2193 964 2277 sequebatur
979 2191 1101 2274 egregiis

59 2276 211 2366 3*'·specie,
227 2279 297 2343 crim
313 2279 402 2342 simul
418 2272 506 2355 teird,
518 2279 605 2342 simul
618 2277 690 2342 mari
708 2278 819 2340 bellum
836 2278 1052 2361 impelleretur,
1065 2299 1102 2342 ac

99 2365 181 2450 sape
207 2366 314 2429 iisdem
339 2365 442 2430 castris
469 2365 563 2449 pedes
590 2385 756 2450 equesque,
783 2378 814 2428 et
840 2365 979 2428 nauticus
1004 2365 1104 2443 miles,

98 2453 186 2518 mixti
201 2431 299 2536 copiid
312 2466 342 2514 et
358 2436 466 2528 tae‘titia,
482 2472 536 2514 sua
548 2451 779 2537 quisqueylacta,
795 2473 865 2514 suos
880 2471 967 2514 casus
983 2439 1116 2514 attolle-s

12 2535 17 2542 ’
98 2551 184 2604 rent:
207 2559 243 2600 ac
259 2535 349 2600 modb
365 2537 517 2620 sylvarum
534 2555 564 2602 et
580 2538 725 2600 montium
743 2538 901 2621 profunda,
917 2535 1008 2600 modb
1025 2552 1103 2600 tem·

98 2637 249 2711 pestutum
266 2643 302 2686 ac
318 2621 463 2688 fluctuum
486 2624 623 2700 adversa,
645 2624 718 2688 binc
745 2639 823 2687 terra
850 2639 881 2688 et
903 2625 1006 2697 bostis,
1033 2625 1102 2688 binc

99 2725 203 2775 auctus
219 2709 363 2773 Oceanus
384 2710 500 2774 militari
514 2710 659 2796 jactantii
681 2725 936 2795 compararentur.
982 2709 1103 2789 Britan·

97 2820 153 2864 nos
169 2817 300 2883 quoquc,
315 2809 349 2860 ut
364 2817 404 2860 ex
419 2799 545 2882 captivis
561 2797 747 2873 audiebatur,
766 2799 827 2859 visa
842 2797 943 2860 classis
959 2797 1102 2880 obstupe·

97 2885 237 2962 iaciebat,
252 2899 406 2969 tanquam,
422 2899 529 2966 aperto
544 2885 634 2947 maris
649 2885 693 2946 sui
710 2898 838 2960 secrete,
855 2885 993 2946 ultimum
1011 2885 1097 2948 victis

97 2972 267 3058 perfugium
282 2971 484 3034 clauderetur.
523 2971 572 3034 Ad
589 2992 694 3034 manus
710 2985 740 3035 et
753 2991 834 3032 arma
854 2971 990 3034 conversi
1007 2969 1101 3034 Cale·

98 3059 218 3124 doniam
234 3057 398 3122 incolentes
419 3057 663 3142 populi„paratu
680 3079 800 3140 magno,
823 3056 934 3142 majore
951 3055 1040 3133 samia,
1057 3057 1101 3120 uti

97 3168 163 3212 mos
184 3161 229 3211 est
244 3146 282 3208 de
297 3145 415 3227 ignotis,
438 3144 630 3229 oppugnasse
647 3143 733 3220 nltrb,
756 3143 880 3207 castella
905 3144 1010 3220 adorti,
1036 3164 1101 3205 me·

97 3249 172 3310 tum,
197 3249 229 3297 ut
253 3246 460 3317 provocamen,
489 3231 684 3294 addiderant:
708 3230 1002 3315 regrediendumque
1025 3231 1099 3292 citra

96 3320 286 3395 Bodotriam,
302 3333 333 3382 et
348 3317 560 3381 excedendum
582 3317 690 3401 potitis,
707 3317 796 3402 qu'arn
814 3309 1018 3402 pellerentur,l
1028 3337 1101 3400 spe·
1149 3319 1156 3323 “

96 3409 143 3480 cie
160 3405 351 3490 prudentium
376 3405 472 3484 ignavi
498 3402 721 3468 admonebant:
750 3405 820 3468 otim
837 3405 953 3468 interim
970 3425 1100 3486 cognos·

96 3494 147 3571 cit,
157 3493 259 3554 hostes
273 3491 404 3575 pluribus
420 3491 586 3572 agminibus
601 3491 773 3574 irrupturos.
814 3492 872 3569 Ac,
883 3513 921 3553 ne
936 3503 1100 3574 superante

97 3599 224 3644 numero
243 3591 274 3641 et
297 3577 403 3662 peritia
417 3578 550 3640 locorum
567 3579 782 3658 circumiretur,
806 3578 900 3642 diviso
923 3592 953 3642 et
978 3577 1045 3664 ipse
1069 3577 1100 3640 in

97 3683 157 3732 tres
173 3677 272 3751 partes
287 3665 423 3728 exercitu
439 3664 569 3728 incessit.
