2514 4318
384 248 430 291 on
453 225 609 292 Monrsns
633 227 834 292 Genauam.
1047 232 1108 294 201

106 403 142 456 et
163 391 193 454 iu
217 388 399 473 accipiendis
420 391 574 456 obsidibus
599 393 695 476 magls
720 392 865 474 exigunt3
887 404 1030 476 tanquam
1046 393 1065 456 ii
1079 407 1112 456 et

109 477 244 541 animum
261 475 383 553 firmius,
410 495 440 541 et
456 477 579 541 domum
595 478 694 554 latibs,
718 493 852 542 teneant.
899 477 1045 542 Heredes
1068 493 1111 542 ta·

107 583 180 628 men
193 584 443 648 successoresque
458 565 504 626 sui
519 565 629 649 cuique
645 565 746 627 liberi:
771 581 802 627 et
817 563 933 628 nullum
946 580 1112 628 testamen·

109 665 186 714 tum.
232 649 265 712 Si
282 649 366 712 liberi
382 673 440 712 non
457 665 536 728 sunt,
565 651 718 734 proximus
745 653 855 733 gradus
870 653 899 714 in
924 653 1111 736 possessione

109 735 224 812 iratres,
241 736 347 819 patrui,
364 738 513 822 avunculi.
559 737 685 810 Quanti>
702 738 768 821 plus
785 739 1029 823 propinquorum,
1051 737 1112 822 qud

107 821 204 908 nibjbr
219 823 350 884 affinium
366 823 520 914 immarus,
535 823 620 887 tantb
635 825 790 908 gratiosior
811 841 962 903 senectus,
977 847 1034 888 nec
1051 825 1112 888 ulla

108 909 240 974 orbitatis
265 910 397 992 pretia‘

152 991 246 1058 XXl.
271 994 432 1078 Suscipere
454 1009 515 1058 tam
532 996 711 1074 inimicitias,
729 1017 782 1060 seu
799 997 900 1080 patris,
921 1019 974 1060 seu
992 999 1112 1082 propin·

107 1081 170 1166 qui,
191 1081 280 1165 qubm
298 1083 454 1160 amicitias,
470 1103 595 1146 necesse
612 1097 675 1146 est:
699 1105 756 1150 nec
772 1084 977 1166 implacabiles
993 1085 1110 1148 durant.

106 1167 217 1232 Luitur
232 1169 312 1229 enim
325 1169 415 1231 etiarn
433 1169 625 1234 homicidium
649 1185 733 1232 certo
749 1185 951 1233 armentorum
967 1188 1002 1232 ac
1019 1191 1111 1254 paco·
1198 1219 1202 1230 ,

107 1276 174 1317 rum
201 1275 337 1331 nomem,
363 1256 529 1341 recipitque
560 1255 791 1320 satisfactionem
819 1257 957 1319 universa
983 1258 1112 1319 domus:

105 1341 219 1404 utiliter
246 1343 274 1402 in
298 1342 473 1425 publicum3
504 1344 572 1427 quia
603 1343 830 1426 periculosiores
857 1359 925 1406 sunt
951 1343 1111 1406 inimicitie

103 1425 193 1513 juata
209 1429 389 1489 libertatem.
434 1427 631 1490 Convictibus
655 1443 685 1490 et
713 1429 848 1510 hospitiis
875 1449 935 1489 non
964 1429 1020 1490 alia
1037 1449 1111 1508 gens
1202 1419 1210 1550 l

105 1497 230 1576 efflsiirs
251 1515 396 1594 indulget.
443 1513 668 1597 Quemcunque
695 1514 863 1575 mortalium
888 1533 990 1574 arcere
1017 1527 1110 1589 tectu,
1199 1551 1205 1594 5

97 1599 191 1663 arelas
205 1601 351 1662 habetur:
373 1620 428 1683 pro
445 1598 697 1683 sortuanuisque
713 1599 863 1682 apparatis
875 1599 972 1680 epulis
984 1600 1109 1680 excipit.

107 1685 192 1750 Ciam
209 1684 360 1760 defecere,
377 1685 427 1767 qui
441 1684 532 1746 modb
549 1686 660 1767 hospes
676 1683 782 1758 suerat,
796 1697 975 1746 monstrator
990 1684 1109 1765 hospitii
1194 1699 1199 1748 ἕ

106 1787 139 1836 et
154 1791 269 1844 comes,
281 1771 448 1853 proximam
462 1770 584 1832 domum
597 1767 656 1832 non
670 1771 780 1833 invitati
794 1770 925 1832 adeunt:
947 1791 1003 1841 nec
1020 1771 1111 1832 inter-

16 1927 17 1938 ,
106 1871 172 1934 est;
203 1857 266 1939 pari
297 1857 481 1919 humanitate
508 1857 706 1940 accipiuntur.
756 1855 871 1920 Notum
903 1857 1109 1940 ignotumque,
1190 1848 1194 1903 ἕ

16 1939 17 1952 ³
106 1955 252 2028 quantum
273 1942 373 2026 adjus
388 1943 519 2026 hospitii,
542 1965 633 2006 nemo
648 1943 801 2006 discernit.
839 1943 982 2020 Abeunti,
998 1943 1021 2004 si
1038 1943 1109 2026 quid
1188 1982 1194 2024 ᾖ

107 2030 289 2113 poposcerit,
305 2029 476 2091 concedere
499 2031 606 2094 moris:
638 2044 668 2094 et
691 2029 833 2113 poscendi
849 2030 977 2092 invicem
1002 2032 1110 2092 eadem

16 2133 17 2146 ³
105 2111 243 2179 facilitas.
289 2114 434 2178 Gaudent
450 2117 642 2180 muneribus:
664 2117 718 2179 ssd
730 2137 787 2180 nec
799 2117 869 2178 data
881 2117 1040 2200 imputant,
1053 2137 1110 2178 nec

104 2202 242 2284 acceptis
258 2202 436 2282 obligantur.
688 2215 690 2222 ’
1022 2207 1105 2230 ”’·”’·”
1144 2219 1145 2222 ’

151 2287 260 2351 ΧΧΙΙ.
287 2287 395 2350 Victus
419 2289 496 2352 inter
518 2289 650 2374 hospites
665 2290 770 2352 comis.
817 2288 923 2352 Statim
951 2309 968 2350 e
992 2307 1108 2364 somno,

105 2395 198 2460 quem
215 2375 393 2459 plerumque
409 2375 437 2436 in
461 2376 541 2438 diem
558 2375 892 2454 extrahunt,'lavantur,
915 2373 1022 2457 saepiirs
1036 2373 1111 2435 cali-

105 2461 156 2539 dt,
172 2475 205 2524 ut
217 2462 295 2546 apud
313 2481 387 2545 quos
404 2462 564 2546 plurimum
588 2463 695 2546 hyems
711 2475 858 2546 occupat·
898 2461 987 2524 Lauti
1008 2461 1109 2524 cibum

104 2550 247 2632 capiunt:
271 2563 415 2632 separatae
427 2549 551 2633 singulis
565 2550 654 2614 sedes
666 2563 696 2612 ct
708 2569 762 2611 sua
774 2550 883 2630 cuique
900 2567 1003 2610 mensa
1015 2569 1022 2609 :
1044 2561 1109 2609 tum

106 2634 146 2696 ad
161 2635 292 2718 negotia,
309 2657 366 2698 nec
382 2636 478 2698 mimis
493 2636 573 2720 saepb
589 2637 626 2698 ad
642 2637 791 2712 convivia,
809 2633 975 2717 procedunt
992 2633 1108 2696 armati.

105 2719 198 2783 Diem
211 2736 392 2806 noctemque
408 2723 584 2784 continuare
600 2723 743 2804 potando,
754 2721 827 2782 nulli
841 2722 992 2802 probrum.
1031 2719 1109 2781 Cre·

105 2806 177 2884 brae,
199 2822 232 2870 ut
248 2809 324 2870 inter
340 2809 519 2884 vinolentos,
545 2808 627 2882 rixae,
654 2807 721 2869 narb
735 2807 890 2881 conviciis,
905 2805 1010 2887 saepibs
1026 2804 1109 2866 caede

104 2906 138 2956 et
153 2893 324 2956 vulneribus
338 2895 548 2975 transiguntur.
594 2892 656 2954 Sed
673 2906 703 2954 ct
727 2892 766 2953 de
790 2891 1018 2952 reconciliandis
1034 2889 1109 2950 invi-

104 2999 174 3042 cem
189 2981 316 3042 inimicis
331 2994 362 3039 st
375 2978 538 3063 jungendis
560 2977 751 3040 affinitatibus
771 2990 802 3038 et
825 2975 1005 3056 asciscendis
1022 2973 1110 3034 Prin·

104 3065 232 3149 cipibus,
256 3065 293 3126 de
310 3085 386 3146 pace
402 3063 532 3147 denique
549 3081 584 3124 aa
600 3062 690 3137 ballo,
708 3061 886 3144 plerumque
912 3057 947 3122 iii
964 3059 1109 3120 conviviis

104 3151 298 3214 consultant:
323 3165 465 3233 tanquam
483 3147 565 3210 nollo
577 3145 671 3228 magis
686 3161 821 3230 tempore
837 3145 940 3208 autad
957 3145 1109 3227 simplices

104 3236 301 3320 cogitationes
314 3249 415 3318 pateat
427 3235 554 3310 animus,
564 3247 615 3296 aut
625 3233 662 3296 ad
676 3253 799 3314 magnas
811 3231 983 3294 incalescat.
1023 3229 1109 3292 Gens

105 3343 165 3387 non
183 3335 291 3396 astuta,
312 3343 368 3383 neo
383 3321 502 3397 callida,
515 3321 609 3404 aperit
625 3318 724 3382 adhuc
740 3334 855 3382 secreta
872 3318 1000 3401 pectoris
1016 3317 1110 3379 licen·

105 3407 148 3472 tta
159 3407 232 3494 joci.
279 3407 362 3489 Ergo
378 3406 497 3470 detecta
522 3421 553 3470 et
576 3405 655 3469 nuda
671 3407 804 3468 omnium
821 3426 908 3468 mens
924 3402 1045 3490 posteris
1060 3403 1109 3466 die

104 3508 294 3572 retractatur,
315 3511 345 3556 et
362 3495 444 3557 salva
461 3493 613 3578 utriusque
630 3493 773 3576 temporis
789 3493 863 3556 ratio
877 3506 935 3556 est.
982 3490 1109 3556 Delibe-

105 3595 181 3657 rant,
196 3581 269 3648 dum
293 3582 405 3666 fingere
429 3581 586 3646 nesciunt:
617 3580 810 3658 constituunt,
838 3579 909 3644 dum
934 3597 1031 3644 errare
1047 3597 1108 3641 nou

106 3681 242 3756 possunt.

1099 2205 1165 2232 καθ’
