2484 4316
129 206 193 270 152
468 199 829 270 C.Cosrr.Tacrr1'
917 201 975 288 [Α.
990 201 1035 268 U.
1051 198 1141 269 822.
1222 149 1223 158 ¹

122 388 188 432 sant
205 387 290 431 suarn
306 365 544 430 dissociantibus.
591 366 706 431 Vitellii
722 383 822 432 tamen
842 367 999 450 imagines,
1016 370 1047 432 in
1062 391 1142 434 cas-

123 456 175 518 tris
191 469 221 518 et
236 476 291 538 per
306 454 459 538 proximas
475 453 638 534 Belgarum
655 455 802 531 civitates,
819 456 966 538 repositae,
982 456 1052 518 cirm
1062 457 1138 541 jam

124 538 264 606 Vitellius
286 541 456 604 occidisset.
503 539 585 602 Dein
601 541 706 603 mutati
729 541 758 603 in
776 542 984 624 poenitentiam
1000 543 1138 626 primani
1222 581 1223 592 κ

125 627 321 712 quartanique
333 641 364 689 et
376 626 661 700 duodevicesimam,
672 625 821 690 Voculam
837 644 1019 712 sequuntur:
1046 630 1137 710 apud

123 735 225 798 quem,
242 728 372 776 resumta
386 711 565 796 Vespasiani
580 727 779 786 sacramento,
797 713 835 774 ad
851 714 1040 776 liberandum
1058 715 1135 778 Ma·

123 800 253 884 gontiaci
278 799 426 862 obsidium
457 799 654 861 ducebantur.
700 797 911 862 Discesserant
940 801 1135 880 obsessores,

122 887 236 950 mixtus
263 905 304 947 ex
331 884 440 962 Cattis,
464 883 589 968 Usipiis‚
613 883 764 948 Mattiacis
793 887 956 962 exercitus,
987 889 1135 950 satietate

123 972 241 1056 praedae,
265 991 324 1034 nec
347 971 504 1034 incruenti.
550 969 586 1033 ln
604 970 652 1033 vit
666 972 816 1054 dispersos
842 985 874 1034 et
897 973 1016 1036 nescios
1040 975 1135 1038 miles

123 1072 225 1122 noster
246 1058 405 1120 invaserat.
452 1055 536 1130 Quin
564 1070 594 1119 et
624 1058 746 1121 loricam
774 1058 947 1142 vallumque
975 1081 1030 1141 per
1052 1061 1134 1123 fines

121 1166 192 1208 suos
215 1143 342 1207 Treveri
366 1143 514 1221 enutrire,
542 1144 717 1228 magnisque
741 1145 871 1208 invicem
896 1145 1033 1208 cladibus
1055 1167 1131 1209 curn

122 1230 283 1294 Germanis
306 1231 471 1307 certabant,
493 1230 590 1293 donec
617 1231 737 1314 egregia
753 1251 823 1314 erga
839 1230 992 1320 Populum
1009 1228 1133 1296 Rorna-

122 1339 194 1382 num
212 1317 316 1379 merita
331 1339 404 1380 mox
416 1317 544 1380 rebelles
561 1315 718 1381 soedarent.

168 1401 362 1467 XXXVlll.
386 1402 506 1467 Interea
519 1401 723 1485 Vespasianus
735 1403 843 1466 iterum
855 1425 890 1466 ac
902 1401 992 1468 Titus
1005 1403 1133 1467 Consu-

121 1491 215 1556 latum
241 1491 379 1554 absentes
401 1491 547 1566 inierunt;
579 1489 689 1552 nroestai
711 1504 741 1553 et
768 1490 925 1574 multiplici
950 1505 1033 1553 metu
1061 1513 1132 1570 sus-

122 1577 219 1663 pensb
233 1578 364 1654 civitate,
381 1598 458 1661 que,
473 1597 563 1659 super
577 1576 715 1640 instantia
730 1577 817 1652 mala,
835 1575 923 1639 salsos
936 1597 1065 1660 pavores
1081 1579 1130 1640 in·

122 1664 247 1728 duerat:
273 1663 457 1727 ‘descivisse
484 1661 629 1739 Africam,
657 1683 704 1725 res
726 1683 819 1725 novas
846 1663 988 1725 moliente
1016 1662 1056 1725 L.
1074 1663 1131 1726 Pi-

121 1750 217 1814 sone!
263 1749 293 1812 Is
310 1763 434 1832 preerat
448 1749 618 1833 provincie,
630 1748 820 1833 nequiquam
837 1749 972 1811 turbidus
984 1750 1129 1831 ingenio:

122 1837 186 1912 scd,
204 1837 273 1920 quia
288 1857 381 1898 naves
395 1833 508 1898 saevitia
524 1835 641 1917 hyemis
658 1835 902 1918 prohibebantur,
926 1836 1044 1916 vulgus,
1073 1837 1131 1898 ali·

121 1936 224 1986 menta
239 1923 268 1984 in
285 1922 350 1984 dies
367 1921 489 1984 mercari
513 1921 642 1995 solitum,
668 1922 717 1984 cui
743 1942 802 1982 una
825 1943 873 1992 ex,
882 1920 1058 2005 Republica
1074 1943 1130 1985 an-

121 2029 208 2071 nonae
230 2027 312 2085 cura,
328 2007 463 2069 clausurn
478 2007 570 2083 littus,
590 2007 710 2069 retineri
726 2021 923 2082 commeatus,
939 2008 1011 2069 dum
1028 2009 1128 2086 timet,

121 2093 283 2169 credebat;
306 2093 483 2174 augentibus
499 2091 608 2155 sarnam
626 2091 804 2170 Vitellianis,
828 2094 878 2177 qui
902 2093 1032 2157 studium
1058 2117 1129 2178 par-

120 2181 195 2244 tium
212 2178 345 2242 nondum
361 2193 539 2263 posuerant3
569 2200 608 2241 ne
624 2179 784 2241 victoribus
805 2181 927 2263 quidem
943 2181 1060 2260 ingrato
1075 2203 1128 2244 ru-

121 2287 216 2342 more,
240 2286 366 2350 quorum
381 2266 572 2349 cupiditates,
596 2265 728 2328 externis
744 2287 864 2349 quoque
884 2266 970 2329 bellis
986 2267 1129 2350 inexple-

120 2353 207 2426 biles,
223 2352 305 2414 nulla
319 2373 358 2413 un
383 2373 451 2414 uam
463 2352 556 2414 civilis
573 2351 695 2414 victoria
709 2352 838 2414 satiavit.

165 2436 326 2502 XXXIX.
384 2437 497 2500 alendis
519 2436 678 2513 Januariis,
705 2437 735 2500 in
763 2437 888 2514 Senatu,
913 2459 1004 2523 quern
1024 2437 1127 2504 Julius

121 2523 295 2600 Frontinus,
312 2523 428 2586 Praetor
442 2523 584 2602 urbanus,
598 2537 769 2600 vocaverat,
786 2522 910 2605 Legatis
926 2526 1126 2589 exercitibus·
1222 2535 1223 2550 ¹

142 2631 181 2676 ue
205 2631 241 2673 ac
267 2610 415 2692 Regibus,
440 2609 562 2672 ‘laudes
589 2609 759 2694 gratesquc'
784 2610 930 2673 decretae:
962 2626 993 2674 et
1015 2610 1126 2677 Tertio

120 2635 243 2762 duliano
258 2695 402 2774 Pretura,
418 2702 582 2781 ‘tanquam
598 2697 866 2778 transgredientem
883 2697 911 2758 in
928 2711 1029 2781 partes
1044 2696 1126 2761 Ves-

120 2784 235 2873 pasiani
260 2785 408 2867 legionem
426 2782 627 2860 deseruisset,'
654 2781 762 2860 ablata,
789 2797 822 2845 ut
845 2784 873 2844 in
890 2783 1023 2846 Plotium
1051 2784 1124 2848 Gri-

120 2873 216 2959 phum
233 2869 448 2934 transferretur.
495 2869 612 2932 Hormo
628 2869 754 2950 dignitas
777 2868 935 2954 Equestris
951 2870 1032 2932 data.
1080 2871 1123 2936 Et

119 2981 204 3038 mox,
216 2957 349 3044 ejurante
362 2955 635 3034 Frontin050aesar
646 2956 837 3019 Domitianus
850 2955 1014 3018 Praeturam
1027 2959 1122 3040 cepit.
1222 3001 1223 3012 η

120 3046 198 3134 Ejus
222 3066 333 3108 nornen
357 3043 490 3130 epistolis
513 3043 678 3127 edictisque
702 3043 941 3125 preponebatur,
958 3043 1003 3104 vis
1028 3065 1122 3128 penes

120 3133 298 3198 Mucianum
310 3145 391 3193 erat:
415 3130 471 3192 nisi
488 3129 567 3214 quod
583 3129 726 3213 pleraque
738 3128 941 3204 Domitianus,
954 3129 1122 3210 instiganti-

119 3221 177 3284 bus
192 3218 307 3294 amicis,
330 3231 382 3280 aut
397 3215 516 3301 propriis
531 3216 663 3292 libidine,
686 3215 826 3278 audebat.
874 3213 936 3277 Sed
954 3216 1122 3299 praecipuus

119 3305 264 3370 Muciano
280 3316 378 3364 metus
394 3321 411 3364 e
427 3301 530 3364 Primo
546 3303 679 3366 Antonio
692 3299 834 3384 Varoque
851 3299 958 3362 Arrio:
983 3322 1060 3384 quos
1076 3323 1122 3366 re·
1166 3361 1175 3374 ,

119 3404 236 3464 centes,
266 3389 423 3473 clarosque
445 3409 544 3452 rerum
572 3387 653 3452 samia
678 3409 714 3450 ao
739 3388 864 3450 militum
889 3387 1004 3463 studiis,
1029 3389 1121 3469 etiarn

142 3477 249 3562 opulus
264 3472 393 3551 fovebat,
417 3474 487 3558 quia
509 3475 538 3536 in
563 3477 714 3538 neminem
742 3474 816 3536 ultra
840 3472 936 3534 aciem
952 3473 1119 3540 sevierunt.

154 3579 165 3628 t
181 3562 330 3625 serebatur
343 3559 492 3624 Antonius
508 3559 735 3625 Scribonianum
748 3558 904 3636 Crassum,
917 3560 1045 3641 egregiis
1058 3583 1121 3625 me·

121 3650 231 3714 'ribus
261 3660 292 3709 et
322 3644 450 3709 fraterne
475 3645 605 3729 imagine
630 3649 805 3730 fulgentem,
832 3645 869 3706 ad
898 3647 1119 3727 capessendam

115 3675 356 3819 henpubtioan
372 3733 528 3798 hortatus:
559 3734 640 3808 haud
656 3731 796 3799 defuturi
810 3729 998 3796 consciorum
1015 3753 1119 3816 manu,
