2560 4258
164 235 205 299 12
470 234 511 300 C.
528 233 640 300 cons.
654 233 781 301 Taotnr
957 237 1013 322 [A.
1030 235 1071 301 U.
1086 238 1170 303 822.

160 401 287 466 Fronto.
333 397 364 464 N
367 421 403 464 eo
415 401 581 464 remedium
598 401 627 465 iu
640 413 758 464 ceteros
770 399 834 478 tuit,
850 399 904 464 sed
916 402 1014 464 mettis
1026 402 1164 466 initium:

159 503 302 574 tanquam
320 509 374 572 per
386 503 479 551 artem
490 503 521 551 et
533 487 720 551 formidinem
736 487 843 570 singuli
856 488 1049 568 pellerentur,
1065 489 1166 552 omni·

158 576 215 640 bus
231 575 390 659 suspectis.

205 661 300 725 XXI.
324 661 444 724 Interea
467 659 635 737 Othonem,
666 660 726 738 cui,
757 661 932 746 compositis
954 660 1054 735 rebus,
1077 659 1165 724 nulla

159 769 241 834 spes,
252 770 343 810 omne
356 749 383 810 in
395 748 514 810 turbido
525 747 694 823 consilium,
705 746 799 810 multa
808 749 894 810 simul
908 747 1161 810 exstimulabant:

158 835 277 899 luxuria
293 836 382 897 etiam
396 833 529 916 Principi
539 854 675 912 onerosa,
686 834 786 917 inopia
797 835 848 896 vix
861 835 979 918 privato
990 833 1160 910 toleranda,

158 923 189 986 in
212 921 343 984 Galbam
363 921 415 997 ira,
439 921 467 982 in
490 919 633 984 Pisonem
649 919 771 983 invidia.
817 919 967 1002 Fingebat
983 935 1014 983 et
1030 934 1161 997 metum,

157 1007 218 1094 qud
241 1005 335 1090 magis
357 1007 597 1090 concupisceret.
643 1006 853 1088 ‘Praegravem
869 1029 902 1070 se
919 1006 1034 1070 Neroni
1047 1006 1158 1070 saissa:

156 1115 215 1158 nec
227 1094 413 1158 Lusitaniam
431 1115 541 1170 rursus,
559 1108 589 1156 et
599 1093 720 1155 alterius
736 1094 817 1157 exilii
829 1093 972 1156 honorem
990 1107 1159 1176 expectan-

156 1182 247 1245 dum:
280 1195 456 1264 suspectum
480 1201 601 1264 semper
626 1180 816 1264 invisumque
843 1181 1075 1255 dominantibus,
1103 1179 1157 1265 qui
1244 1205 1248 1210 ·

156 1269 312 1355 proximus
323 1268 531 1330 destinaretur.
570 1265 1027 1351 Noouissaidsibiapudsenem
1040 1266 1158 1330 Princi·
1234 1278 1238 1284 '

156 1377 248 1440 pern:
274 1351 369 1434 magis
385 1355 554 1417 nociturum
570 1353 650 1437 apud
664 1352 822 1438 juvenem,
846 1355 966 1435 ingenio
983 1368 1110 1431 trucem,
1127 1365 1160 1417 et

154 1443 245 1524 longo
267 1442 359 1504 exilio
379 1441 557 1504 efferatum:
590 1441 687 1502 occidi
704 1439 859 1502 Othonem
876 1462 974 1524 posse.
1023 1439 1157 1503 Proinde

154 1529 304 1612 agendum
320 1527 565 1612 audendamque,
581 1527 653 1589 dum
667 1525 772 1589 Galbae
787 1528 947 1589 auotoritas
959 1527 1053 1603 fluxa,
1067 1526 1156 1590 Piso·
1262 1543 1263 1550 ’

154 1617 201 1680 nis
217 1615 350 1678 nondum
365 1616 536 1678 coaluisset.
577 1613 774 1697 Opportunos
786 1613 902 1696 magnis
912 1615 1067 1676 conatibus
1077 1628 1157 1676 tran·
1262 1627 1263 1666 t

152 1703 353 1768 situsrerum:
378 1723 436 1765 nec
444 1701 636 1766 cunctatione
646 1721 734 1784 opus,
747 1701 796 1763 ubi
808 1701 999 1784 perniciosior
1010 1701 1047 1762 sit
1057 1701 1153 1784 quies,
1262 1719 1263 1736 ³

153 1790 244 1874 quam
268 1790 431 1852 temeritas.
488 1788 620 1852 Mortem
646 1787 786 1850 omnibus
808 1807 849 1850 ex
869 1785 976 1849 naturai
995 1787 1152 1870 equalem,

153 1877 304 1939 oblivione
320 1875 399 1959 apud
416 1889 550 1959 posteros
564 1874 611 1936 vel
624 1871 719 1956 gloria
734 1873 885 1955 distingui.
930 1873 991 1948 Ac,
1005 1875 1028 1935 si
1042 1893 1154 1936 nocen-

151 1975 215 2026 tem
239 1963 492 2046 innocentemque
513 1960 593 2023 idem
606 1961 706 2022 exitus
721 1974 853 2037 maneat,
869 1959 988 2023 acrioris
1005 1961 1058 2022 viti
1074 1981 1152 2038 esse,

152 2047 261 2112 meriti)
278 2045 396 2130 perire.’

197 2133 307 2198 ΧΧΙΙ.
325 2131 395 2195 Non
408 2145 472 2196 erat
483 2131 615 2194 Othonis
628 2131 724 2194 mollis
736 2144 767 2194 et
777 2131 895 2215 corpori
910 2132 1012 2195 similis
1023 2134 1150 2197 animus.

154 2219 197 2286 Et
212 2221 307 2284 intimi
323 2220 496 2282 libertorum
512 2239 739 2302 servorumque,
755 2218 923 2302 corruptius
939 2221 1027 2303 quaitn
1046 2221 1075 2283 in
1092 2221 1151 2304 pri-

151 2307 223 2372 vatia
237 2308 328 2371 domo
345 2305 447 2382 habiti,
464 2305 562 2368 aulam
580 2303 710 2368 Neronis
733 2319 763 2368 et
782 2305 883 2382 luxus,
906 2306 1062 2384 adulteria,
1085 2327 1150 2370 ma·

150 2395 299 2471 trimonia,
318 2407 495 2476 ceterasque
512 2391 690 2472 Regnorum
706 2392 855 2471 libidines,
881 2393 969 2456 avido
985 2394 1101 2471 talium,
1124 2393 1148 2456 si

150 2481 286 2558 auderet,
302 2494 335 2542 ut
351 2501 405 2542 sua
425 2493 630 2556 ostentantes3
654 2479 830 2563 quiescenti,
854 2493 887 2544 ut
906 2479 1014 2556 aliena,
1038 2500 1148 2564 expro-

149 2567 296 2631 brabant:
325 2566 498 2648 urgentibus
513 2565 602 2628 etiam
620 2566 850 2644 mathematicis,
866 2567 937 2630 dum
955 2573 1068 2628 ‘novos
1084 2587 1148 2628 mo·

148 2669 208 2730 tus,
224 2668 255 2716 et
270 2653 383 2716 clarum
400 2651 516 2715 Othoni
532 2673 655 2728 anuum,
672 2653 882 2715 observatione
897 2651 1051 2726 siderum,'
1068 2652 1146 2714 affir-

148 2755 250 2806 mant:
275 2761 369 2821 genus
382 2739 537 2801 hominum
556 2739 727 2821 potentibus
742 2739 877 2816 infidum,
889 2739 1077 2822 sperantibus
1093 2736 1146 2800 lal-

147 2829 211 2904 lax,
227 2826 307 2912 quod
324 2827 352 2888 in
368 2825 489 2889 civitate
505 2824 608 2888 nostris
622 2839 653 2888 et
670 2825 818 2888 vetabitur
831 2847 962 2908 semper,
985 2841 1016 2888 et
1036 2825 1145 2888 retine·

146 2915 237 2978 bitur.
283 2911 399 2976 Multos
421 2927 537 2975 secreta
553 2911 695 2995 Poppeae
718 2911 956 2986 mathematicos,
981 2913 1143 2995 pessimum

147 3000 326 3082 Principalis
342 2999 519 3062 matrimonii
536 2999 776 3073 instrumentum,
794 2997 979 3060 habuerant:
1003 3019 1020 3058 e
1037 2998 1143 3080 quibus

146 3087 341 3161 Ptolemaeus,
357 3085 472 3148 Othoni
498 3086 526 3147 in
553 3081 702 3168 Hispaniis
722 3105 837 3161 comes,
859 3083 928 3146 crim
951 3081 1143 3162 ‘supersutu-

146 3195 212 3237 rum
231 3195 301 3235 eum
318 3171 443 3236 Neroni'
462 3173 654 3256 promisisset,
682 3185 841 3253 postquam
868 3189 908 3230 ex
931 3181 1041 3228 eventu
1059 3166 1142 3244 fides,

145 3258 321 3344 conjectura
332 3258 394 3344 jam
412 3274 442 3322 et
455 3279 573 3322 rumore
585 3258 701 3319 senium
715 3255 820 3316 Galba
836 3270 866 3316 et
874 3253 1031 3336 juventam
1045 3251 1142 3316 Otho·

145 3347 191 3410 nis
206 3347 457 3427 computantium,
483 3356 682 3428 persuaserat,
709 3340 805 3415 ‘sore,
822 3353 854 3401 ut
870 3341 898 3401 in
915 3337 1080 3419 Imperium
1096 3361 1141 3402 as·

144 3432 329 3497 cisceretur!
377 3433 439 3495 Sed
457 3431 541 3494 Otho
557 3444 698 3512 tanquam
717 3425 823 3510 peritia
839 3439 868 3487 et
884 3425 998 3486 monitu
1016 3424 1140 3489 latorum

145 3521 290 3606 praedicta
306 3519 483 3601 accipiebat,
504 3517 645 3599 cupidine
662 3513 771 3594 ingenii
789 3513 910 3575 humani
933 3511 1072 3574 libentius
1088 3514 1140 3575 ob·

144 3628 230 3670 scura
254 3605 408 3668 credendi.
455 3603 523 3666 Nec
546 3604 649 3665 deerat
665 3599 859 3678 Ptolemais,
878 3599 941 3684 jam
967 3614 997 3661 et
1020 3600 1139 3664 sceleris

144 3694 310 3772 instinctor,
326 3692 362 3756 ad
380 3691 459 3777 quod
476 3689 616 3754 facillimi:
632 3689 670 3752 ab
686 3686 834 3775 ejusmodi
850 3703 920 3752 voto
937 3687 1085 3750 transitur.
