<?xml version="1.0" encoding="UTF-8"?>
<!DOCTYPE html PUBLIC "-//W3C//DTD XHTML 1.0 Transitional//EN"
    "http://www.w3.org/TR/xhtml1/DTD/xhtml1-transitional.dtd">
<html xmlns="http://www.w3.org/1999/xhtml" xml:lang="en" lang="en">
 <head>
  <title>
</title>
<meta http-equiv="Content-Type" content="text/html;charset=utf-8" />
  <meta name='ocr-system' content='tesseract 3.04.00' />
  <meta name='ocr-capabilities' content='ocr_page ocr_carea ocr_par ocr_line ocrx_word'/>
</head>
<body>
  <div class='ocr_page' id='page_1' title='image "./ccorneliitaciti24tacigoog_0506.png"; bbox 0 0 2556 4446; ppageno 0'>
   <div class='ocr_carea' id='block_1_1' title="bbox 117 440 779 510">
    <p class='ocr_par' dir='ltr' id='par_1_1' title="bbox 117 440 779 510">
     <span class='ocr_line' id='line_1_1' title="bbox 117 440 779 510; baseline 0 -2"><span class='ocrx_word' id='word_1_1' title='bbox 117 443 183 508; x_wconf 66' lang='lat'><strong>260</strong></span> <span class='ocrx_word' id='word_1_2' title='bbox 459 444 497 509; x_wconf 88' lang='lat' dir='ltr'><strong>C.</strong></span> <span class='ocrx_word' id='word_1_3' title='bbox 522 440 628 510; x_wconf 74' lang='lat' dir='ltr'><strong>Cotta.</strong></span> <span class='ocrx_word' id='word_1_4' title='bbox 653 441 779 510; x_wconf 68' lang='lat' dir='ltr'><strong>Tectrt</strong></span> 
     </span>
    </p>
   </div>
   <div class='ocr_carea' id='block_1_2' title="bbox 1 599 1123 2675">
    <p class='ocr_par' dir='ltr' id='par_1_2' title="bbox 1 599 1123 2675">
     <span class='ocr_line' id='line_1_2' title="bbox 163 599 1119 692; baseline 0.002 -21"><span class='ocrx_word' id='word_1_5' title='bbox 163 605 307 671; x_wconf 90' lang='lat' dir='ltr'><strong>XXXll.</strong></span> <span class='ocrx_word' id='word_1_6' title='bbox 331 605 400 671; x_wconf 88' lang='lat' dir='ltr'><strong>Nee</strong></span> <span class='ocrx_word' id='word_1_7' title='bbox 423 608 587 692; x_wconf 87' lang='lat' dir='ltr'><strong>quisquam</strong></span> <span class='ocrx_word' id='word_1_8' title='bbox 617 609 819 692; x_wconf 80' lang='lat' dir='ltr'><strong>respondeat:</strong></span> <span class='ocrx_word' id='word_1_9' title='bbox 857 605 992 684; x_wconf 60' lang='lat' dir='ltr'><strong>‘sufficie</strong></span> <span class='ocrx_word' id='word_1_10' title='bbox 1023 621 1055 672; x_wconf 92' lang='lat' dir='ltr'><strong>ut</strong></span> <span class='ocrx_word' id='word_1_11' title='bbox 1080 599 1119 674; x_wconf 71' lang='lat' dir='ltr'><strong>ad</strong></span> 
     </span>
     <span class='ocr_line' id='line_1_3' title="bbox 119 694 1119 778; baseline 0 -20"><span class='ocrx_word' id='word_1_12' title='bbox 119 709 241 778; x_wconf 88' lang='lat' dir='ltr'><strong>tempus</strong></span> <span class='ocrx_word' id='word_1_13' title='bbox 256 695 386 778; x_wconf 80' lang='lat' dir='ltr'>simplex</span> <span class='ocrx_word' id='word_1_14' title='bbox 402 695 543 778; x_wconf 80' lang='lat' dir='ltr'>quiddam</span> <span class='ocrx_word' id='word_1_15' title='bbox 555 710 585 759; x_wconf 86' lang='lat' dir='ltr'><strong>et</strong></span> <span class='ocrx_word' id='word_1_16' title='bbox 598 694 743 757; x_wconf 81' lang='lat' dir='ltr'>uniforme</span> <span class='ocrx_word' id='word_1_17' title='bbox 759 695 943 758; x_wconf 89' lang='lat' dir='ltr'><strong>doceamur.’</strong></span> <span class='ocrx_word' id='word_1_18' title='bbox 981 695 1119 758; x_wconf 84' lang='lat' dir='ltr'><strong>Primiun</strong></span> 
     </span>
     <span class='ocr_line' id='line_1_4' title="bbox 120 781 1119 866; baseline -0.001 -21"><span class='ocrx_word' id='word_1_19' title='bbox 120 791 201 845; x_wconf 83' lang='lat' dir='ltr'><strong>enim</strong></span> <span class='ocrx_word' id='word_1_20' title='bbox 218 781 303 843; x_wconf 86' lang='lat' dir='ltr'><strong>aliter</strong></span> <span class='ocrx_word' id='word_1_21' title='bbox 318 781 427 845; x_wconf 88' lang='lat' dir='ltr'><strong>utimur</strong></span> <span class='ocrx_word' id='word_1_22' title='bbox 449 781 584 864; x_wconf 86' lang='lat' dir='ltr'><strong>propriis,</strong></span> <span class='ocrx_word' id='word_1_23' title='bbox 611 781 696 844; x_wconf 89' lang='lat' dir='ltr'><strong>aliter</strong></span> <span class='ocrx_word' id='word_1_24' title='bbox 721 782 937 844; x_wconf 87' lang='lat' dir='ltr'><strong>commodatis:</strong></span> <span class='ocrx_word' id='word_1_25' title='bbox 968 782 1119 866; x_wconf 80' lang='lat' dir='ltr'><strong>longeque</strong></span> 
     </span>
     <span class='ocr_line' id='line_1_5' title="bbox 119 866 1120 952; baseline -0.002 -20"><span class='ocrx_word' id='word_1_26' title='bbox 119 866 471 950; x_wconf 86' lang='lat' dir='ltr'><strong>iuteressemanisestum</strong></span> <span class='ocrx_word' id='word_1_27' title='bbox 497 881 554 944; x_wconf 84' lang='lat' dir='ltr'><strong>est,</strong></span> <span class='ocrx_word' id='word_1_28' title='bbox 578 867 729 950; x_wconf 86' lang='lat' dir='ltr'><strong>possideat</strong></span> <span class='ocrx_word' id='word_1_29' title='bbox 745 868 821 951; x_wconf 89' lang='lat' dir='ltr'><strong>quis,</strong></span> <span class='ocrx_word' id='word_1_30' title='bbox 849 889 913 952; x_wconf 84' lang='lat' dir='ltr'><strong>que</strong></span> <span class='ocrx_word' id='word_1_31' title='bbox 937 866 1058 950; x_wconf 86' lang='lat' dir='ltr'><strong>prolert,</strong></span> <span class='ocrx_word' id='word_1_32' title='bbox 1081 889 1120 930; x_wconf 89' lang='lat' dir='ltr'><strong>an</strong></span> 
     </span>
     <span class='ocr_line' id='line_1_6' title="bbox 120 953 1119 1037; baseline 0 -20"><span class='ocrx_word' id='word_1_33' title='bbox 120 971 283 1018; x_wconf 88' lang='lat' dir='ltr'><strong>mutuetur.</strong></span> <span class='ocrx_word' id='word_1_34' title='bbox 328 953 451 1016; x_wconf 85' lang='lat' dir='ltr'><strong>Deinde</strong></span> <span class='ocrx_word' id='word_1_35' title='bbox 477 954 539 1037; x_wconf 87' lang='lat' dir='ltr'><strong>ipsa</strong></span> <span class='ocrx_word' id='word_1_36' title='bbox 561 953 719 1016; x_wconf 88' lang='lat' dir='ltr'><strong>multarum</strong></span> <span class='ocrx_word' id='word_1_37' title='bbox 746 955 853 1016; x_wconf 87' lang='lat' dir='ltr'><strong>artium</strong></span> <span class='ocrx_word' id='word_1_38' title='bbox 881 954 1006 1016; x_wconf 89' lang='lat' dir='ltr'><strong>scientia</strong></span> <span class='ocrx_word' id='word_1_39' title='bbox 1030 954 1119 1017; x_wconf 81' lang='lat' dir='ltr'><strong>etiem</strong></span> 
     </span>
     <span class='ocr_line' id='line_1_7' title="bbox 120 1037 1121 1123; baseline -0.002 -19"><span class='ocrx_word' id='word_1_40' title='bbox 120 1041 199 1104; x_wconf 93' lang='lat' dir='ltr'><strong>aliud</strong></span> <span class='ocrx_word' id='word_1_41' title='bbox 223 1037 346 1122; x_wconf 78' lang='lat' dir='ltr'>agentes</span> <span class='ocrx_word' id='word_1_42' title='bbox 367 1061 423 1102; x_wconf 87' lang='lat' dir='ltr'><strong>nos</strong></span> <span class='ocrx_word' id='word_1_43' title='bbox 438 1051 533 1116; x_wconf 87' lang='lat' dir='ltr'><strong>ornat,</strong></span> <span class='ocrx_word' id='word_1_44' title='bbox 550 1055 649 1123; x_wconf 87' lang='lat' dir='ltr'><strong>atque,</strong></span> <span class='ocrx_word' id='word_1_45' title='bbox 665 1039 715 1102; x_wconf 90' lang='lat' dir='ltr'><strong>ubi</strong></span> <span class='ocrx_word' id='word_1_46' title='bbox 732 1039 855 1102; x_wconf 75' lang='lat' dir='ltr'><strong>minime</strong></span> <span class='ocrx_word' id='word_1_47' title='bbox 869 1040 986 1116; x_wconf 88' lang='lat' dir='ltr'><strong>credas,</strong></span> <span class='ocrx_word' id='word_1_48' title='bbox 1007 1041 1121 1103; x_wconf 88' lang='lat' dir='ltr'><strong>eminet</strong></span> 
     </span>
     <span class='ocr_line' id='line_1_8' title="bbox 120 1125 1120 1211; baseline -0.002 -21"><span class='ocrx_word' id='word_1_49' title='bbox 120 1141 151 1191; x_wconf 93' lang='lat' dir='ltr'><strong>et</strong></span> <span class='ocrx_word' id='word_1_50' title='bbox 167 1127 309 1190; x_wconf 85' lang='lat' dir='ltr'><strong>excellit:</strong></span> <span class='ocrx_word' id='word_1_51' title='bbox 339 1126 430 1211; x_wconf 88' lang='lat' dir='ltr'><strong>idque</strong></span> <span class='ocrx_word' id='word_1_52' title='bbox 456 1147 515 1188; x_wconf 91' lang='lat' dir='ltr'><strong>non</strong></span> <span class='ocrx_word' id='word_1_53' title='bbox 539 1126 646 1188; x_wconf 89' lang='lat' dir='ltr'><strong>doctus</strong></span> <span class='ocrx_word' id='word_1_54' title='bbox 671 1125 763 1188; x_wconf 86' lang='lat' dir='ltr'><strong>modd</strong></span> <span class='ocrx_word' id='word_1_55' title='bbox 787 1139 818 1188; x_wconf 88' lang='lat' dir='ltr'><strong>et</strong></span> <span class='ocrx_word' id='word_1_56' title='bbox 845 1126 977 1209; x_wconf 89' lang='lat' dir='ltr'><strong>prudeus</strong></span> <span class='ocrx_word' id='word_1_57' title='bbox 993 1127 1120 1204; x_wconf 86' lang='lat' dir='ltr'><strong>auditor,</strong></span> 
     </span>
     <span class='ocr_line' id='line_1_9' title="bbox 119 1212 1120 1297; baseline -0.004 -19"><span class='ocrx_word' id='word_1_58' title='bbox 119 1212 174 1278; x_wconf 86' lang='lat' dir='ltr'><strong>sed</strong></span> <span class='ocrx_word' id='word_1_59' title='bbox 191 1213 280 1278; x_wconf 90' lang='lat' dir='ltr'><strong>etiam</strong></span> <span class='ocrx_word' id='word_1_60' title='bbox 296 1213 426 1296; x_wconf 86' lang='lat' dir='ltr'><strong>populus</strong></span> <span class='ocrx_word' id='word_1_61' title='bbox 442 1212 578 1294; x_wconf 91' lang='lat' dir='ltr'><strong>intelligit</strong></span> <span class='ocrx_word' id='word_1_62' title='bbox 593 1233 629 1276; x_wconf 89' lang='lat' dir='ltr'><strong>ac</strong></span> <span class='ocrx_word' id='word_1_63' title='bbox 644 1213 743 1276; x_wconf 86' lang='lat' dir='ltr'><strong>statim</strong></span> <span class='ocrx_word' id='word_1_64' title='bbox 758 1213 799 1275; x_wconf 91' lang='lat' dir='ltr'><strong>ita</strong></span> <span class='ocrx_word' id='word_1_65' title='bbox 814 1212 904 1274; x_wconf 87' lang='lat' dir='ltr'><strong>laude</strong></span> <span class='ocrx_word' id='word_1_66' title='bbox 920 1212 1120 1297; x_wconf 81' lang='lat' dir='ltr'><strong>prosequitur,</strong></span> 
     </span>
     <span class='ocr_line' id='line_1_10' title="bbox 118 1298 1120 1383; baseline -0.003 -20"><span class='ocrx_word' id='word_1_67' title='bbox 118 1313 151 1364; x_wconf 91' lang='lat' dir='ltr'><strong>ut</strong></span> <span class='ocrx_word' id='word_1_68' title='bbox 167 1298 300 1382; x_wconf 75' lang='lat' dir='ltr'><strong>legitime</strong></span> <span class='ocrx_word' id='word_1_69' title='bbox 327 1299 487 1376; x_wconf 78' lang='lat' dir='ltr'><strong>studuisse,</strong></span> <span class='ocrx_word' id='word_1_70' title='bbox 514 1313 547 1361; x_wconf 92' lang='lat' dir='ltr'><strong>ut</strong></span> <span class='ocrx_word' id='word_1_71' title='bbox 574 1320 629 1382; x_wconf 89' lang='lat' dir='ltr'><strong>per</strong></span> <span class='ocrx_word' id='word_1_72' title='bbox 647 1321 753 1361; x_wconf 90' lang='lat' dir='ltr'><strong>omues</strong></span> <span class='ocrx_word' id='word_1_73' title='bbox 778 1299 954 1383; x_wconf 82' lang='lat' dir='ltr'><strong>eloquentie</strong></span> <span class='ocrx_word' id='word_1_74' title='bbox 978 1319 1120 1361; x_wconf 90' lang='lat' dir='ltr'><strong>numeros</strong></span> 
     </span>
     <span class='ocr_line' id='line_1_11' title="bbox 117 1384 1119 1469; baseline 0 -21"><span class='ocrx_word' id='word_1_75' title='bbox 117 1384 188 1460; x_wconf 90' lang='lat' dir='ltr'><strong>isse,</strong></span> <span class='ocrx_word' id='word_1_76' title='bbox 212 1401 243 1447; x_wconf 93' lang='lat' dir='ltr'><strong>ut</strong></span> <span class='ocrx_word' id='word_1_77' title='bbox 258 1385 388 1467; x_wconf 90' lang='lat' dir='ltr'><strong>denique</strong></span> <span class='ocrx_word' id='word_1_78' title='bbox 403 1399 560 1446; x_wconf 58' lang='lat' dir='ltr'><strong>oratorem¹</strong></span> <span class='ocrx_word' id='word_1_79' title='bbox 568 1386 658 1447; x_wconf 83' lang='lat' dir='ltr'><strong>etiem</strong></span> <span class='ocrx_word' id='word_1_80' title='bbox 675 1384 821 1447; x_wconf 78' lang='lat' dir='ltr'>fateatur:</span> <span class='ocrx_word' id='word_1_81' title='bbox 848 1405 937 1468; x_wconf 90' lang='lat' dir='ltr'><strong>quem</strong></span> <span class='ocrx_word' id='word_1_82' title='bbox 954 1405 1013 1448; x_wconf 90' lang='lat' dir='ltr'><strong>non</strong></span> <span class='ocrx_word' id='word_1_83' title='bbox 1031 1401 1119 1469; x_wconf 85' lang='lat' dir='ltr'><strong>pcsse</strong></span> 
     </span>
     <span class='ocr_line' id='line_1_12' title="bbox 118 1468 1120 1552; baseline 0 -20"><span class='ocrx_word' id='word_1_84' title='bbox 118 1471 204 1533; x_wconf 89' lang='lat' dir='ltr'><strong>aliter</strong></span> <span class='ocrx_word' id='word_1_85' title='bbox 218 1469 359 1544; x_wconf 78' lang='lat' dir='ltr'><strong>existere,</strong></span> <span class='ocrx_word' id='word_1_86' title='bbox 370 1495 371 1502; x_wconf 48' lang='lat'>¹</span> <span class='ocrx_word' id='word_1_87' title='bbox 383 1489 440 1529; x_wconf 88' lang='lat' dir='ltr'><strong>uec</strong></span> <span class='ocrx_word' id='word_1_88' title='bbox 465 1468 601 1529; x_wconf 79' lang='lat' dir='ltr'><strong>extitisse</strong></span> <span class='ocrx_word' id='word_1_89' title='bbox 617 1490 760 1552; x_wconf 87' lang='lat' dir='ltr'><strong>unquam,</strong></span> <span class='ocrx_word' id='word_1_90' title='bbox 786 1471 942 1547; x_wconf 83' lang='lat' dir='ltr'><strong>confirmo,</strong></span> <span class='ocrx_word' id='word_1_91' title='bbox 965 1471 1020 1534; x_wconf 92' lang='lat' dir='ltr'><strong>nisi</strong></span> <span class='ocrx_word' id='word_1_92' title='bbox 1037 1491 1120 1548; x_wconf 85' lang='lat' dir='ltr'><strong>eum,</strong></span> 
     </span>
     <span class='ocr_line' id='line_1_13' title="bbox 119 1553 1123 1641; baseline 0.001 -23"><span class='ocrx_word' id='word_1_93' title='bbox 119 1557 168 1641; x_wconf 91' lang='lat' dir='ltr'><strong>qui</strong></span> <span class='ocrx_word' id='word_1_94' title='bbox 184 1570 326 1638; x_wconf 88' lang='lat' dir='ltr'><strong>tanquam</strong></span> <span class='ocrx_word' id='word_1_95' title='bbox 341 1553 371 1616; x_wconf 93' lang='lat' dir='ltr'><strong>in</strong></span> <span class='ocrx_word' id='word_1_96' title='bbox 387 1553 484 1616; x_wconf 91' lang='lat' dir='ltr'><strong>aciem</strong></span> <span class='ocrx_word' id='word_1_97' title='bbox 499 1553 638 1615; x_wconf 89' lang='lat' dir='ltr'><strong>omnihus</strong></span> <span class='ocrx_word' id='word_1_98' title='bbox 653 1554 741 1616; x_wconf 89' lang='lat' dir='ltr'><strong>armis</strong></span> <span class='ocrx_word' id='word_1_99' title='bbox 757 1554 928 1629; x_wconf 84' lang='lat' dir='ltr'><strong>instructus,</strong></span> <span class='ocrx_word' id='word_1_100' title='bbox 955 1557 999 1618; x_wconf 88' lang='lat' dir='ltr'><strong>sic</strong></span> <span class='ocrx_word' id='word_1_101' title='bbox 1018 1557 1051 1618; x_wconf 92' lang='lat' dir='ltr'><strong>in</strong></span> <span class='ocrx_word' id='word_1_102' title='bbox 1076 1556 1123 1619; x_wconf 82' lang='lat' dir='ltr'><strong>so-</strong></span> 
     </span>
     <span class='ocr_line' id='line_1_14' title="bbox 115 1639 1122 1724; baseline -0.002 -18"><span class='ocrx_word' id='word_1_103' title='bbox 115 1663 184 1706; x_wconf 85' lang='lat' dir='ltr'><strong>rum</strong></span> <span class='ocrx_word' id='word_1_104' title='bbox 199 1640 339 1704; x_wconf 87' lang='lat' dir='ltr'><strong>omnihus</strong></span> <span class='ocrx_word' id='word_1_105' title='bbox 354 1640 470 1704; x_wconf 86' lang='lat' dir='ltr'><strong>artibus</strong></span> <span class='ocrx_word' id='word_1_106' title='bbox 480 1654 621 1715; x_wconf 86' lang='lat' dir='ltr'><strong>armatus,</strong></span> <span class='ocrx_word' id='word_1_107' title='bbox 642 1639 767 1702; x_wconf 85' lang='lat' dir='ltr'><strong>exierit:</strong></span> <span class='ocrx_word' id='word_1_108' title='bbox 797 1639 876 1723; x_wconf 90' lang='lat' dir='ltr'><strong>quod</strong></span> <span class='ocrx_word' id='word_1_109' title='bbox 893 1639 971 1702; x_wconf 83' lang='lat' dir='ltr'><strong>oded</strong></span> <span class='ocrx_word' id='word_1_110' title='bbox 993 1642 1122 1724; x_wconf 86' lang='lat' dir='ltr'><strong>negligi-</strong></span> 
     </span>
     <span class='ocr_line' id='line_1_15' title="bbox 117 1725 1122 1810; baseline -0.003 -17"><span class='ocrx_word' id='word_1_111' title='bbox 117 1743 166 1795; x_wconf 90' lang='lat' dir='ltr'><strong>tur</strong></span> <span class='ocrx_word' id='word_1_112' title='bbox 181 1729 219 1791; x_wconf 91' lang='lat' dir='ltr'><strong>ah</strong></span> <span class='ocrx_word' id='word_1_113' title='bbox 232 1729 337 1790; x_wconf 89' lang='lat' dir='ltr'><strong>horum</strong></span> <span class='ocrx_word' id='word_1_114' title='bbox 352 1743 521 1810; x_wconf 88' lang='lat' dir='ltr'><strong>temporum</strong></span> <span class='ocrx_word' id='word_1_115' title='bbox 537 1725 664 1800; x_wconf 82' lang='lat' dir='ltr'><strong>disertis,</strong></span> <span class='ocrx_word' id='word_1_116' title='bbox 676 1739 709 1788; x_wconf 92' lang='lat' dir='ltr'><strong>ut</strong></span> <span class='ocrx_word' id='word_1_117' title='bbox 724 1725 753 1788; x_wconf 91' lang='lat' dir='ltr'><strong>in</strong></span> <span class='ocrx_word' id='word_1_118' title='bbox 765 1725 931 1788; x_wconf 79' lang='lat' dir='ltr'><strong>actionibus</strong></span> <span class='ocrx_word' id='word_1_119' title='bbox 943 1747 1047 1789; x_wconf 91' lang='lat' dir='ltr'><strong>eorum</strong></span> <span class='ocrx_word' id='word_1_120' title='bbox 1060 1726 1122 1791; x_wconf 77' lang='lat' dir='ltr'><strong>sex</strong></span> 
     </span>
     <span class='ocr_line' id='line_1_16' title="bbox 119 1810 1122 1900; baseline -0.002 -22"><span class='ocrx_word' id='word_1_121' title='bbox 119 1837 239 1900; x_wconf 91' lang='lat' dir='ltr'><strong>quoque</strong></span> <span class='ocrx_word' id='word_1_122' title='bbox 255 1813 419 1899; x_wconf 88' lang='lat' dir='ltr'><strong>quotidiani</strong></span> <span class='ocrx_word' id='word_1_123' title='bbox 430 1813 587 1889; x_wconf 77' lang='lat' dir='ltr'><strong>scamonia,</strong></span> <span class='ocrx_word' id='word_1_124' title='bbox 603 1810 683 1876; x_wconf 78' lang='lat' dir='ltr'><strong>soeda</strong></span> <span class='ocrx_word' id='word_1_125' title='bbox 699 1833 736 1874; x_wconf 89' lang='lat' dir='ltr'><strong>ac</strong></span> <span class='ocrx_word' id='word_1_126' title='bbox 753 1811 893 1896; x_wconf 89' lang='lat' dir='ltr'><strong>pudenda</strong></span> <span class='ocrx_word' id='word_1_127' title='bbox 907 1813 988 1890; x_wconf 85' lang='lat' dir='ltr'><strong>vitia,</strong></span> <span class='ocrx_word' id='word_1_128' title='bbox 1011 1812 1122 1897; x_wconf 89' lang='lat' dir='ltr'><strong>depre-</strong></span> 
     </span>
     <span class='ocr_line' id='line_1_17' title="bbox 1 1897 1120 1984; baseline -0.003 -18"><span class='ocrx_word' id='word_1_129' title='bbox 1 1949 2 1984; x_wconf 65' lang='lat'><strong>,</strong></span> <span class='ocrx_word' id='word_1_130' title='bbox 110 1903 303 1976; x_wconf 58' lang='lat' dir='ltr'><strong>&gt;headantur3</strong></span> <span class='ocrx_word' id='word_1_131' title='bbox 328 1914 361 1962; x_wconf 91' lang='lat' dir='ltr'><strong>ut</strong></span> <span class='ocrx_word' id='word_1_132' title='bbox 372 1901 508 1981; x_wconf 86' lang='lat' dir='ltr'><strong>ignorent</strong></span> <span class='ocrx_word' id='word_1_133' title='bbox 520 1899 614 1980; x_wconf 84' lang='lat' dir='ltr'><strong>leges,</strong></span> <span class='ocrx_word' id='word_1_134' title='bbox 626 1897 1120 1978; x_wconf 83' lang='lat' dir='ltr'><strong>nonteneautSenathsconsulta,</strong></span> 
     </span>
     <span class='ocr_line' id='line_1_18' title="bbox 1 1983 1121 2074; baseline -0.001 -23"><span class='ocrx_word' id='word_1_135' title='bbox 1 1991 2 2066; x_wconf 37' lang='grc' dir='ltr'>ζ</span> <span class='ocrx_word' id='word_1_136' title='bbox 110 1987 164 2074; x_wconf 76' lang='lat' dir='ltr'><strong>jus</strong></span> <span class='ocrx_word' id='word_1_137' title='bbox 179 1988 307 2050; x_wconf 86' lang='lat' dir='ltr'><strong>civitatis</strong></span> <span class='ocrx_word' id='word_1_138' title='bbox 318 1985 397 2049; x_wconf 83' lang='lat' dir='ltr'><strong>ultrh</strong></span> <span class='ocrx_word' id='word_1_139' title='bbox 413 1985 585 2048; x_wconf 84' lang='lat' dir='ltr'><strong>derideant:</strong></span> <span class='ocrx_word' id='word_1_140' title='bbox 609 1985 761 2068; x_wconf 78' lang='lat' dir='ltr'><strong>sapientie</strong></span> <span class='ocrx_word' id='word_1_141' title='bbox 772 1983 844 2048; x_wconf 83' lang='lat' dir='ltr'><strong>vend</strong></span> <span class='ocrx_word' id='word_1_142' title='bbox 853 1985 986 2050; x_wconf 88' lang='lat' dir='ltr'><strong>studium</strong></span> <span class='ocrx_word' id='word_1_143' title='bbox 1002 1997 1033 2055; x_wconf 85' lang='lat' dir='ltr'><strong>et</strong></span> <span class='ocrx_word' id='word_1_144' title='bbox 1046 2005 1121 2068; x_wconf 81' lang='lat' dir='ltr'><strong>pte-</strong></span> 
     </span>
     <span class='ocr_line' id='line_1_19' title="bbox 116 2069 1121 2156; baseline -0.002 -19"><span class='ocrx_word' id='word_1_145' title='bbox 116 2089 207 2156; x_wconf 88' lang='lat' dir='ltr'><strong>cepta</strong></span> <span class='ocrx_word' id='word_1_146' title='bbox 223 2073 413 2156; x_wconf 88' lang='lat' dir='ltr'><strong>prudentium</strong></span> <span class='ocrx_word' id='word_1_147' title='bbox 431 2072 549 2154; x_wconf 89' lang='lat' dir='ltr'><strong>penitus</strong></span> <span class='ocrx_word' id='word_1_148' title='bbox 561 2069 773 2135; x_wconf 77' lang='lat' dir='ltr'><strong>reformident:</strong></span> <span class='ocrx_word' id='word_1_149' title='bbox 797 2071 826 2133; x_wconf 91' lang='lat' dir='ltr'><strong>in</strong></span> <span class='ocrx_word' id='word_1_150' title='bbox 844 2071 1040 2154; x_wconf 88' lang='lat' dir='ltr'><strong>paucissimos</strong></span> <span class='ocrx_word' id='word_1_151' title='bbox 1051 2093 1121 2135; x_wconf 85' lang='lat' dir='ltr'><strong>seo-</strong></span> 
     </span>
     <span class='ocr_line' id='line_1_20' title="bbox 117 2157 1120 2240; baseline -0.001 -18"><span class='ocrx_word' id='word_1_152' title='bbox 117 2179 168 2222; x_wconf 88' lang='lat' dir='ltr'><strong>sus</strong></span> <span class='ocrx_word' id='word_1_153' title='bbox 184 2173 215 2220; x_wconf 87' lang='lat' dir='ltr'><strong>et</strong></span> <span class='ocrx_word' id='word_1_154' title='bbox 231 2171 372 2240; x_wconf 87' lang='lat' dir='ltr'><strong>angustas</strong></span> <span class='ocrx_word' id='word_1_155' title='bbox 387 2159 550 2220; x_wconf 86' lang='lat' dir='ltr'><strong>sententias</strong></span> <span class='ocrx_word' id='word_1_156' title='bbox 562 2157 724 2220; x_wconf 87' lang='lat' dir='ltr'><strong>detrudant</strong></span> <span class='ocrx_word' id='word_1_157' title='bbox 737 2157 952 2240; x_wconf 85' lang='lat' dir='ltr'><strong>eloquentiam,</strong></span> <span class='ocrx_word' id='word_1_158' title='bbox 967 2158 1048 2221; x_wconf 87' lang='lat' dir='ltr'><strong>velut</strong></span> <span class='ocrx_word' id='word_1_159' title='bbox 1064 2179 1120 2222; x_wconf 85' lang='lat' dir='ltr'><strong>ex·</strong></span> 
     </span>
     <span class='ocr_line' id='line_1_21' title="bbox 117 2242 1119 2330; baseline 0.001 -24"><span class='ocrx_word' id='word_1_160' title='bbox 117 2244 235 2330; x_wconf 90' lang='lat' dir='ltr'><strong>pulsam</strong></span> <span class='ocrx_word' id='word_1_161' title='bbox 252 2242 363 2324; x_wconf 89' lang='lat' dir='ltr'><strong>Regno</strong></span> <span class='ocrx_word' id='word_1_162' title='bbox 378 2263 452 2304; x_wconf 89' lang='lat' dir='ltr'><strong>suo:</strong></span> <span class='ocrx_word' id='word_1_163' title='bbox 482 2257 524 2318; x_wconf 91' lang='lat' dir='ltr'><strong>ut,</strong></span> <span class='ocrx_word' id='word_1_164' title='bbox 548 2263 613 2325; x_wconf 83' lang='lat' dir='ltr'><strong>que</strong></span> <span class='ocrx_word' id='word_1_165' title='bbox 636 2243 707 2305; x_wconf 93' lang='lat' dir='ltr'><strong>olim</strong></span> <span class='ocrx_word' id='word_1_166' title='bbox 723 2247 857 2306; x_wconf 90' lang='lat' dir='ltr'><strong>omnium</strong></span> <span class='ocrx_word' id='word_1_167' title='bbox 874 2245 980 2306; x_wconf 90' lang='lat' dir='ltr'><strong>artium</strong></span> <span class='ocrx_word' id='word_1_168' title='bbox 997 2245 1119 2308; x_wconf 80' lang='lat' dir='ltr'><strong>domine</strong></span> 
     </span>
     <span class='ocr_line' id='line_1_22' title="bbox 117 2329 1120 2418; baseline 0 -24"><span class='ocrx_word' id='word_1_169' title='bbox 117 2331 321 2418; x_wconf 87' lang='lat' dir='ltr'><strong>pulcherrimo</strong></span> <span class='ocrx_word' id='word_1_170' title='bbox 335 2329 478 2392; x_wconf 88' lang='lat' dir='ltr'><strong>comitatu</strong></span> <span class='ocrx_word' id='word_1_171' title='bbox 495 2343 617 2411; x_wconf 86' lang='lat' dir='ltr'><strong>pectora</strong></span> <span class='ocrx_word' id='word_1_172' title='bbox 632 2329 785 2414; x_wconf 87' lang='lat' dir='ltr'><strong>implebat,</strong></span> <span class='ocrx_word' id='word_1_173' title='bbox 802 2351 882 2393; x_wconf 90' lang='lat' dir='ltr'><strong>nunc</strong></span> <span class='ocrx_word' id='word_1_174' title='bbox 897 2331 1073 2394; x_wconf 86' lang='lat' dir='ltr'><strong>circumcisa</strong></span> <span class='ocrx_word' id='word_1_175' title='bbox 1088 2345 1120 2394; x_wconf 86' lang='lat' dir='ltr'><strong>et</strong></span> 
     </span>
     <span class='ocr_line' id='line_1_23' title="bbox 117 2415 1119 2506; baseline -0.002 -24"><span class='ocrx_word' id='word_1_176' title='bbox 117 2435 281 2506; x_wconf 76' lang='lat' dir='ltr'><strong>amputata,</strong></span> <span class='ocrx_word' id='word_1_177' title='bbox 306 2417 376 2480; x_wconf 73' lang='lat' dir='ltr'><strong>sine·</strong></span> <span class='ocrx_word' id='word_1_178' title='bbox 394 2431 550 2500; x_wconf 88' lang='lat' dir='ltr'><strong>apparatu,</strong></span> <span class='ocrx_word' id='word_1_179' title='bbox 565 2415 630 2478; x_wconf 88' lang='lat' dir='ltr'><strong>sinc</strong></span> <span class='ocrx_word' id='word_1_180' title='bbox 653 2416 778 2492; x_wconf 88' lang='lat' dir='ltr'><strong>honore,</strong></span> <span class='ocrx_word' id='word_1_181' title='bbox 800 2416 885 2500; x_wconf 78' lang='lat' dir='ltr'><strong>pene</strong></span> <span class='ocrx_word' id='word_1_182' title='bbox 901 2417 1028 2480; x_wconf 87' lang='lat' dir='ltr'><strong>dixerim</strong></span> <span class='ocrx_word' id='word_1_183' title='bbox 1053 2418 1119 2480; x_wconf 90' lang='lat' dir='ltr'><strong>sine</strong></span> 
     </span>
     <span class='ocr_line' id='line_1_24' title="bbox 116 2500 1117 2589; baseline -0.003 -20"><span class='ocrx_word' id='word_1_184' title='bbox 116 2507 313 2586; x_wconf 84' lang='lat' dir='ltr'><strong>ingenuitate,</strong></span> <span class='ocrx_word' id='word_1_185' title='bbox 330 2504 413 2589; x_wconf 86' lang='lat' dir='ltr'><strong>quasi</strong></span> <span class='ocrx_word' id='word_1_186' title='bbox 431 2525 489 2566; x_wconf 85' lang='lat' dir='ltr'><strong>une</strong></span> <span class='ocrx_word' id='word_1_187' title='bbox 513 2523 552 2567; x_wconf 84' lang='lat' dir='ltr'><strong>ex</strong></span> <span class='ocrx_word' id='word_1_188' title='bbox 577 2502 785 2566; x_wconf 88' lang='lat' dir='ltr'><strong>sordidissimis</strong></span> <span class='ocrx_word' id='word_1_189' title='bbox 810 2500 950 2579; x_wconf 87' lang='lat' dir='ltr'><strong>artificiis,</strong></span> <span class='ocrx_word' id='word_1_190' title='bbox 975 2503 1117 2567; x_wconf 85' lang='lat' dir='ltr'><strong>discatur.</strong></span> 
     </span>
     <span class='ocr_line' id='line_1_25' title="bbox 117 2589 1120 2675; baseline 0.003 -21"><span class='ocrx_word' id='word_1_191' title='bbox 117 2590 202 2675; x_wconf 86' lang='lat' dir='ltr'><strong>Ergo</strong></span> <span class='ocrx_word' id='word_1_192' title='bbox 218 2594 295 2654; x_wconf 91' lang='lat' dir='ltr'><strong>hanc</strong></span> <span class='ocrx_word' id='word_1_193' title='bbox 309 2592 436 2674; x_wconf 88' lang='lat' dir='ltr'><strong>primam</strong></span> <span class='ocrx_word' id='word_1_194' title='bbox 453 2603 484 2652; x_wconf 94' lang='lat' dir='ltr'><strong>et</strong></span> <span class='ocrx_word' id='word_1_195' title='bbox 498 2589 677 2671; x_wconf 71' lang='lat' dir='ltr'><strong>precipuum</strong></span> <span class='ocrx_word' id='word_1_196' title='bbox 692 2610 814 2652; x_wconf 87' lang='lat' dir='ltr'><strong>causam</strong></span> <span class='ocrx_word' id='word_1_197' title='bbox 831 2590 965 2666; x_wconf 82' lang='lat' dir='ltr'><strong>arbitror,</strong></span> <span class='ocrx_word' id='word_1_198' title='bbox 985 2611 1039 2652; x_wconf 91' lang='lat' dir='ltr'><strong>cur</strong></span> <span class='ocrx_word' id='word_1_199' title='bbox 1054 2603 1120 2658; x_wconf 87' lang='lat' dir='ltr'><strong>tan·</strong></span> 
     </span>
    </p>
   </div>
   <div class='ocr_carea' id='block_1_3' title="bbox 1 2674 1118 2846">
    <p class='ocr_par' dir='ltr' id='par_1_3' title="bbox 1 2674 1118 2846">
     <span class='ocr_line' id='line_1_26' title="bbox 1 2674 1118 2766; baseline -0.004 -23"><span class='ocrx_word' id='word_1_200' title='bbox 1 2677 6 2766; x_wconf 55' lang='lat' dir='ltr'>J</span> <span class='ocrx_word' id='word_1_201' title='bbox 115 2677 179 2743; x_wconf 80' lang='lat' dir='ltr'><strong>titur</strong></span> <span class='ocrx_word' id='word_1_202' title='bbox 203 2679 240 2739; x_wconf 93' lang='lat' dir='ltr'><strong>ab</strong></span> <span class='ocrx_word' id='word_1_203' title='bbox 257 2674 432 2758; x_wconf 68' lang='lat' dir='ltr'><strong>eloquentie</strong></span> <span class='ocrx_word' id='word_1_204' title='bbox 446 2676 634 2758; x_wconf 89' lang='lat' dir='ltr'><strong>antiquorum</strong></span> <span class='ocrx_word' id='word_1_205' title='bbox 649 2691 798 2738; x_wconf 88' lang='lat' dir='ltr'><strong>oratorum</strong></span> <span class='ocrx_word' id='word_1_206' title='bbox 815 2676 1038 2739; x_wconf 84' lang='lat' dir='ltr'><strong>recesserimus.</strong></span> <span class='ocrx_word' id='word_1_207' title='bbox 1085 2675 1118 2740; x_wconf 93' lang='lat' dir='ltr'><strong>Si</strong></span> 
     </span>
     <span class='ocr_line' id='line_1_27' title="bbox 1 2761 1117 2846; baseline 0.004 -25"><span class='ocrx_word' id='word_1_208' title='bbox 1 2800 7 2821; x_wconf 49' lang='lat' dir='ltr'><strong>r</strong></span> <span class='ocrx_word' id='word_1_209' title='bbox 115 2777 208 2826; x_wconf 85' lang='lat' dir='ltr'><strong>testes</strong></span> <span class='ocrx_word' id='word_1_210' title='bbox 229 2761 453 2824; x_wconf 90' lang='lat' dir='ltr'><strong>desiderantur:</strong></span> <span class='ocrx_word' id='word_1_211' title='bbox 479 2781 553 2842; x_wconf 90' lang='lat' dir='ltr'><strong>quos</strong></span> <span class='ocrx_word' id='word_1_212' title='bbox 570 2761 701 2842; x_wconf 87' lang='lat' dir='ltr'><strong>potiores</strong></span> <span class='ocrx_word' id='word_1_213' title='bbox 723 2761 894 2836; x_wconf 81' lang='lat' dir='ltr'><strong>nominabo,</strong></span> <span class='ocrx_word' id='word_1_214' title='bbox 923 2762 1013 2844; x_wconf 73' lang='lat' dir='ltr'><strong>quim</strong></span> <span class='ocrx_word' id='word_1_215' title='bbox 1037 2763 1117 2846; x_wconf 89' lang='lat' dir='ltr'><strong>apud</strong></span> 
     </span>
    </p>
   </div>
   <div class='ocr_carea' id='block_1_4' title="bbox 115 2845 1119 2930">
    <p class='ocr_par' dir='ltr' id='par_1_4' title="bbox 115 2845 1119 2930">
     <span class='ocr_line' id='line_1_28' title="bbox 115 2845 1119 2930; baseline 0.003 -21"><span class='ocrx_word' id='word_1_216' title='bbox 115 2847 240 2910; x_wconf 80' lang='lat' dir='ltr'><strong>Grecos</strong></span> <span class='ocrx_word' id='word_1_217' title='bbox 256 2845 520 2908; x_wconf 82' lang='lat' dir='ltr'><strong>Demosthenem?</strong></span> <span class='ocrx_word' id='word_1_218' title='bbox 544 2865 634 2930; x_wconf 89' lang='lat' dir='ltr'><strong>quem</strong></span> <span class='ocrx_word' id='word_1_219' title='bbox 651 2845 897 2910; x_wconf 84' lang='lat' dir='ltr'><strong>studiosissimum</strong></span> <span class='ocrx_word' id='word_1_220' title='bbox 914 2846 1051 2912; x_wconf 78' lang='lat' dir='ltr'><strong>Platonis</strong></span> <span class='ocrx_word' id='word_1_221' title='bbox 1066 2869 1119 2912; x_wconf 88' lang='lat' dir='ltr'><strong>au·</strong></span> 
     </span>
    </p>
   </div>
   <div class='ocr_carea' id='block_1_5' title="bbox 1 2931 1119 3123">
    <p class='ocr_par' dir='ltr' id='par_1_5' title="bbox 1 2931 1119 3123">
     <span class='ocr_line' id='line_1_29' title="bbox 1 2931 1119 3018; baseline 0.001 -20"><span class='ocrx_word' id='word_1_222' title='bbox 1 2951 9 2998; x_wconf 60' lang='lat' dir='ltr'><strong>‘f</strong></span> <span class='ocrx_word' id='word_1_223' title='bbox 106 2935 244 3018; x_wconf 82' lang='lat' dir='ltr'><strong>ditotem</strong></span> <span class='ocrx_word' id='word_1_224' title='bbox 261 2931 361 3008; x_wconf 84' lang='lat' dir='ltr'><strong>luisse,</strong></span> <span class='ocrx_word' id='word_1_225' title='bbox 378 2933 528 2995; x_wconf 83' lang='lat' dir='ltr'><strong>memorie</strong></span> <span class='ocrx_word' id='word_1_226' title='bbox 545 2932 694 3016; x_wconf 92' lang='lat' dir='ltr'><strong>proditum</strong></span> <span class='ocrx_word' id='word_1_227' title='bbox 711 2949 769 2996; x_wconf 90' lang='lat' dir='ltr'><strong>est.</strong></span> <span class='ocrx_word' id='word_1_228' title='bbox 816 2933 857 2997; x_wconf 82' lang='lat' dir='ltr'><strong>Et</strong></span> <span class='ocrx_word' id='word_1_229' title='bbox 873 2932 995 3011; x_wconf 88' lang='lat' dir='ltr'><strong>Cicero,</strong></span> <span class='ocrx_word' id='word_1_230' title='bbox 1013 2935 1068 3011; x_wconf 89' lang='lat' dir='ltr'><strong>his,</strong></span> <span class='ocrx_word' id='word_1_231' title='bbox 1085 2950 1119 2999; x_wconf 90' lang='lat' dir='ltr'><strong>ut</strong></span> 
     </span>
     <span class='ocr_line' id='line_1_30' title="bbox 6 3018 1118 3123; baseline 0 -38"><span class='ocrx_word' id='word_1_232' title='bbox 6 3106 11 3123; x_wconf 43' lang='grc' dir='ltr'>ι</span> <span class='ocrx_word' id='word_1_233' title='bbox 111 3019 231 3106; x_wconf 91' lang='lat' dir='ltr'><strong>opinor,</strong></span> <span class='ocrx_word' id='word_1_234' title='bbox 244 3018 334 3083; x_wconf 79' lang='lat' dir='ltr'><strong>refert</strong></span> <span class='ocrx_word' id='word_1_235' title='bbox 345 3019 451 3096; x_wconf 82' lang='lat' dir='ltr'><strong>verbis,</strong></span> <span class='ocrx_word' id='word_1_236' title='bbox 468 3019 628 3104; x_wconf 85' lang='lat' dir='ltr'><strong>‘quicquid</strong></span> <span class='ocrx_word' id='word_1_237' title='bbox 644 3024 673 3082; x_wconf 91' lang='lat' dir='ltr'><strong>in</strong></span> <span class='ocrx_word' id='word_1_238' title='bbox 689 3019 863 3104; x_wconf 67' lang='lat' dir='ltr'><strong>eloquentiis</strong></span> <span class='ocrx_word' id='word_1_239' title='bbox 877 3021 1022 3098; x_wconf 84' lang='lat' dir='ltr'><strong>effecerit,</strong></span> <span class='ocrx_word' id='word_1_240' title='bbox 1038 3021 1067 3084; x_wconf 90' lang='lat' dir='ltr'><strong>id</strong></span> <span class='ocrx_word' id='word_1_241' title='bbox 1084 3043 1118 3086; x_wconf 89' lang='lat' dir='ltr'><strong>se</strong></span> 
     </span>
    </p>
   </div>
   <div class='ocr_carea' id='block_1_6' title="bbox 114 3106 1119 3189">
    <p class='ocr_par' dir='ltr' id='par_1_6' title="bbox 114 3106 1119 3189">
     <span class='ocr_line' id='line_1_31' title="bbox 114 3106 1119 3189; baseline -0.001 -16"><span class='ocrx_word' id='word_1_242' title='bbox 114 3130 174 3173; x_wconf 89' lang='lat' dir='ltr'><strong>non</strong></span> <span class='ocrx_word' id='word_1_243' title='bbox 199 3108 361 3182; x_wconf 87' lang='lat' dir='ltr'><strong>rhetorum,</strong></span> <span class='ocrx_word' id='word_1_244' title='bbox 387 3106 441 3168; x_wconf 88' lang='lat' dir='ltr'><strong>sed</strong></span> <span class='ocrx_word' id='word_1_245' title='bbox 458 3106 631 3168; x_wconf 84' lang='lat' dir='ltr'><strong>Academie</strong></span> <span class='ocrx_word' id='word_1_246' title='bbox 653 3107 757 3189; x_wconf 88' lang='lat' dir='ltr'><strong>spatiis</strong></span> <span class='ocrx_word' id='word_1_247' title='bbox 777 3107 995 3170; x_wconf 81' lang='lat' dir='ltr'><strong>consecutum’</strong></span> <span class='ocrx_word' id='word_1_248' title='bbox 1042 3107 1119 3173; x_wconf 89' lang='lat' dir='ltr'><strong>Sunt</strong></span> 
     </span>
    </p>
   </div>
   <div class='ocr_carea' id='block_1_7' title="bbox 3 3193 1116 3367">
    <p class='ocr_par' dir='ltr' id='par_1_7' title="bbox 3 3193 1116 3367">
     <span class='ocr_line' id='line_1_32' title="bbox 4 3193 1116 3281; baseline -0.001 -22"><span class='ocrx_word' id='word_1_249' title='bbox 4 3244 11 3281; x_wconf 85' lang='lat'><strong>·:</strong></span> <span class='ocrx_word' id='word_1_250' title='bbox 113 3197 176 3260; x_wconf 83' lang='lat' dir='ltr'><strong>elie</strong></span> <span class='ocrx_word' id='word_1_251' title='bbox 191 3215 299 3269; x_wconf 85' lang='lat' dir='ltr'><strong>cause,</strong></span> <span class='ocrx_word' id='word_1_252' title='bbox 316 3213 431 3274; x_wconf 79' lang='lat' dir='ltr'><strong>magne</strong></span> <span class='ocrx_word' id='word_1_253' title='bbox 453 3204 484 3254; x_wconf 90' lang='lat' dir='ltr'><strong>et</strong></span> <span class='ocrx_word' id='word_1_254' title='bbox 506 3213 624 3272; x_wconf 86' lang='lat' dir='ltr'><strong>graves,</strong></span> <span class='ocrx_word' id='word_1_255' title='bbox 647 3213 753 3276; x_wconf 87' lang='lat' dir='ltr'><strong>quasa</strong></span> <span class='ocrx_word' id='word_1_256' title='bbox 775 3193 860 3258; x_wconf 84' lang='lat' dir='ltr'><strong>vohis</strong></span> <span class='ocrx_word' id='word_1_257' title='bbox 875 3194 980 3277; x_wconf 90' lang='lat' dir='ltr'><strong>aperiri</strong></span> <span class='ocrx_word' id='word_1_258' title='bbox 997 3215 1116 3278; x_wconf 84' lang='lat' dir='ltr'><strong>equum</strong></span> 
     </span>
     <span class='ocr_line' id='line_1_33' title="bbox 3 3278 1116 3367; baseline -0.004 -20"><span class='ocrx_word' id='word_1_259' title='bbox 3 3290 10 3310; x_wconf 39' lang='grc' dir='ltr'>ἵ</span> <span class='ocrx_word' id='word_1_260' title='bbox 113 3297 170 3360; x_wconf 84' lang='lat' dir='ltr'><strong>eat,</strong></span> <span class='ocrx_word' id='word_1_261' title='bbox 188 3278 465 3367; x_wconf 85' lang='lat' dir='ltr'><strong>quoniamquidem</strong></span> <span class='ocrx_word' id='word_1_262' title='bbox 482 3299 540 3361; x_wconf 86' lang='lat' dir='ltr'><strong>ego</strong></span> <span class='ocrx_word' id='word_1_263' title='bbox 558 3278 622 3360; x_wconf 85' lang='lat' dir='ltr'><strong>jam</strong></span> <span class='ocrx_word' id='word_1_264' title='bbox 650 3297 751 3340; x_wconf 90' lang='lat' dir='ltr'><strong>meum</strong></span> <span class='ocrx_word' id='word_1_265' title='bbox 779 3300 887 3342; x_wconf 87' lang='lat' dir='ltr'><strong>munus</strong></span> <span class='ocrx_word' id='word_1_266' title='bbox 913 3280 1048 3364; x_wconf 83' lang='lat' dir='ltr'><strong>explevi,</strong></span> <span class='ocrx_word' id='word_1_267' title='bbox 1075 3297 1116 3358; x_wconf 88' lang='lat' dir='ltr'><strong>et,</strong></span> 
     </span>
    </p>
   </div>
   <div class='ocr_carea' id='block_1_8' title="bbox 3 3341 1123 3624">
    <p class='ocr_par' dir='ltr' id='par_1_8' title="bbox 3 3341 1123 3624">
     <span class='ocr_line' id='line_1_34' title="bbox 4 3341 1116 3454; baseline -0.001 -21"><span class='ocrx_word' id='word_1_268' title='bbox 4 3341 11 3442; x_wconf 54' lang='lat' dir='ltr'><strong>l</strong></span> <span class='ocrx_word' id='word_1_269' title='bbox 114 3371 195 3454; x_wconf 90' lang='lat' dir='ltr'><strong>quod</strong></span> <span class='ocrx_word' id='word_1_270' title='bbox 212 3368 284 3432; x_wconf 93' lang='lat' dir='ltr'><strong>mihi</strong></span> <span class='ocrx_word' id='word_1_271' title='bbox 296 3367 324 3430; x_wconf 92' lang='lat' dir='ltr'><strong>io</strong></span> <span class='ocrx_word' id='word_1_272' title='bbox 340 3364 559 3429; x_wconf 85' lang='lat' dir='ltr'><strong>consuetudine</strong></span> <span class='ocrx_word' id='word_1_273' title='bbox 574 3379 629 3440; x_wconf 88' lang='lat' dir='ltr'><strong>est,</strong></span> <span class='ocrx_word' id='word_1_274' title='bbox 652 3362 723 3428; x_wconf 89' lang='lat' dir='ltr'><strong>satis</strong></span> <span class='ocrx_word' id='word_1_275' title='bbox 739 3366 849 3429; x_wconf 86' lang='lat' dir='ltr'><strong>multos</strong></span> <span class='ocrx_word' id='word_1_276' title='bbox 870 3367 1001 3430; x_wconf 87' lang='lat' dir='ltr'><strong>offendi:</strong></span> <span class='ocrx_word' id='word_1_277' title='bbox 1026 3368 1076 3452; x_wconf 91' lang='lat' dir='ltr'><strong>qui</strong></span> <span class='ocrx_word' id='word_1_278' title='bbox 1092 3370 1116 3432; x_wconf 90' lang='lat' dir='ltr'><strong>si</strong></span> 
     </span>
     <span class='ocr_line' id='line_1_35' title="bbox 3 3451 1118 3538; baseline -0.002 -18"><span class='ocrx_word' id='word_1_279' title='bbox 3 3487 5 3536; x_wconf 71' lang='lat'>3</span> <span class='ocrx_word' id='word_1_280' title='bbox 112 3458 190 3520; x_wconf 81' lang='lat' dir='ltr'><strong>sorte</strong></span> <span class='ocrx_word' id='word_1_281' title='bbox 206 3457 264 3518; x_wconf 89' lang='lat' dir='ltr'><strong>hoc</strong></span> <span class='ocrx_word' id='word_1_282' title='bbox 280 3453 426 3529; x_wconf 89' lang='lat' dir='ltr'><strong>audirent,</strong></span> <span class='ocrx_word' id='word_1_283' title='bbox 437 3465 553 3515; x_wconf 88' lang='lat' dir='ltr'><strong>certum</strong></span> <span class='ocrx_word' id='word_1_284' title='bbox 571 3451 668 3514; x_wconf 88' lang='lat' dir='ltr'><strong>habeo</strong></span> <span class='ocrx_word' id='word_1_285' title='bbox 683 3451 826 3529; x_wconf 90' lang='lat' dir='ltr'><strong>dicturos,</strong></span> <span class='ocrx_word' id='word_1_286' title='bbox 840 3473 899 3529; x_wconf 78' lang='lat' dir='ltr'><strong>me,</strong></span> <span class='ocrx_word' id='word_1_287' title='bbox 915 3453 986 3516; x_wconf 92' lang='lat' dir='ltr'><strong>dum</strong></span> <span class='ocrx_word' id='word_1_288' title='bbox 998 3453 1074 3538; x_wconf 88' lang='lat' dir='ltr'><strong>juris</strong></span> <span class='ocrx_word' id='word_1_289' title='bbox 1085 3467 1118 3518; x_wconf 91' lang='lat' dir='ltr'><strong>et</strong></span> 
     </span>
     <span class='ocr_line' id='line_1_36' title="bbox 7 3539 1123 3624; baseline -0.004 -22"><span class='ocrx_word' id='word_1_290' title='bbox 7 3542 11 3556; x_wconf 83' lang='lat'><em>‘</em></span> <span class='ocrx_word' id='word_1_291' title='bbox 114 3542 313 3624; x_wconf 78' lang='lat' dir='ltr'><strong>philosophie</strong></span> <span class='ocrx_word' id='word_1_292' title='bbox 323 3539 491 3615; x_wconf 89' lang='lat' dir='ltr'><strong>scientiam,</strong></span> <span class='ocrx_word' id='word_1_293' title='bbox 507 3552 649 3624; x_wconf 89' lang='lat' dir='ltr'><strong>tanquam</strong></span> <span class='ocrx_word' id='word_1_294' title='bbox 665 3539 773 3602; x_wconf 89' lang='lat' dir='ltr'><strong>oratori</strong></span> <span class='ocrx_word' id='word_1_295' title='bbox 788 3541 998 3616; x_wconf 85' lang='lat' dir='ltr'><strong>necessariam,</strong></span> <span class='ocrx_word' id='word_1_296' title='bbox 1014 3541 1123 3604; x_wconf 66' lang='lat' dir='ltr'><strong>laudo,</strong></span> 
     </span>
    </p>
   </div>
   <div class='ocr_carea' id='block_1_9' title="bbox 8 3627 1101 3708">
    <p class='ocr_par' dir='ltr' id='par_1_9' title="bbox 8 3627 1101 3708">
     <span class='ocr_line' id='line_1_37' title="bbox 8 3627 1101 3708; baseline -0.001 -21"><span class='ocrx_word' id='word_1_297' title='bbox 8 3674 13 3687; x_wconf 84' lang='lat'><em>.</em></span> <span class='ocrx_word' id='word_1_298' title='bbox 113 3628 232 3708; x_wconf 85' lang='lat' dir='ltr'><strong>ineptiis</strong></span> <span class='ocrx_word' id='word_1_299' title='bbox 249 3627 323 3689; x_wconf 82' lang='lat' dir='ltr'><strong>meis</strong></span> <span class='ocrx_word' id='word_1_300' title='bbox 336 3627 490 3708; x_wconf 85' lang='lat' dir='ltr'><strong>plausisse.</strong></span> <span class='ocrx_word' id='word_1_301' title='bbox 577 3672 580 3676; x_wconf 82' lang='lat'>-</span> <span class='ocrx_word' id='word_1_302' title='bbox 1099 3655 1101 3660; x_wconf 36' lang='lat' dir='ltr'>v</span> 
     </span>
    </p>
   </div>
   <div class='ocr_carea' id='block_1_10' title="bbox 157 3691 1115 3796">
    <p class='ocr_par' dir='ltr' id='par_1_10' title="bbox 157 3663 1115 3796">
     <span class='ocr_line' id='line_1_38' title="bbox 157 3691 1115 3796; baseline 0.004 -22"><span class='ocrx_word' id='word_1_303' title='bbox 157 3710 317 3774; x_wconf 90' lang='lat' dir='ltr'><strong>XXXlll.</strong></span> <span class='ocrx_word' id='word_1_304' title='bbox 340 3711 384 3774; x_wconf 89' lang='lat' dir='ltr'><strong>Et</strong></span> <span class='ocrx_word' id='word_1_305' title='bbox 398 3711 566 3788; x_wconf 86' lang='lat' dir='ltr'><strong>Maternus,</strong></span> <span class='ocrx_word' id='word_1_306' title='bbox 582 3709 658 3774; x_wconf 89' lang='lat' dir='ltr'><strong>Mihi</strong></span> <span class='ocrx_word' id='word_1_307' title='bbox 670 3691 803 3796; x_wconf 90' lang='lat' dir='ltr'><strong>quidem,</strong></span> <span class='ocrx_word' id='word_1_308' title='bbox 819 3713 924 3796; x_wconf 89' lang='lat' dir='ltr'><strong>inquit,</strong></span> <span class='ocrx_word' id='word_1_309' title='bbox 939 3727 1115 3796; x_wconf 85' lang='lat' dir='ltr'><strong>susceptum</strong></span> 
     </span>
    </p>
   </div>
   <div class='ocr_carea' id='block_1_11' title="bbox 7 3797 1116 3881">
    <p class='ocr_par' dir='ltr' id='par_1_11' title="bbox 7 3797 1116 3881">
     <span class='ocr_line' id='line_1_39' title="bbox 7 3797 1116 3881; baseline 0.009 -25"><span class='ocrx_word' id='word_1_310' title='bbox 7 3849 10 3856; x_wconf 88' lang='lat'><em>.</em></span> <span class='ocrx_word' id='word_1_311' title='bbox 114 3821 132 3862; x_wconf 85' lang='lat' dir='ltr'><strong>a</strong></span> <span class='ocrx_word' id='word_1_312' title='bbox 158 3813 187 3862; x_wconf 88' lang='lat' dir='ltr'><strong>te</strong></span> <span class='ocrx_word' id='word_1_313' title='bbox 203 3817 310 3858; x_wconf 89' lang='lat' dir='ltr'><strong>munus</strong></span> <span class='ocrx_word' id='word_1_314' title='bbox 326 3797 404 3859; x_wconf 83' lang='lat' dir='ltr'><strong>aded</strong></span> <span class='ocrx_word' id='word_1_315' title='bbox 428 3799 579 3881; x_wconf 84' lang='lat' dir='ltr'><strong>peregisse</strong></span> <span class='ocrx_word' id='word_1_316' title='bbox 603 3799 736 3860; x_wconf 91' lang='lat' dir='ltr'><strong>nondum</strong></span> <span class='ocrx_word' id='word_1_317' title='bbox 755 3799 874 3874; x_wconf 85' lang='lat' dir='ltr'><strong>videris,</strong></span> <span class='ocrx_word' id='word_1_318' title='bbox 899 3815 931 3864; x_wconf 89' lang='lat' dir='ltr'><strong>ut</strong></span> <span class='ocrx_word' id='word_1_319' title='bbox 956 3799 1116 3866; x_wconf 71' lang='lat' dir='ltr'><strong>iochodsse</strong></span> 
     </span>
    </p>
   </div>
   <div class='ocr_carea' id='block_1_12' title="bbox 10 3881 1116 4054">
    <p class='ocr_par' dir='ltr' id='par_1_12' title="bbox 4 3881 1116 4054">
     <span class='ocr_line' id='line_1_40' title="bbox 10 3881 1116 3968; baseline 0.003 -21"><span class='ocrx_word' id='word_1_320' title='bbox 10 3955 17 3966; x_wconf 26' lang='lat' dir='ltr'><strong>q</strong></span> <span class='ocrx_word' id='word_1_321' title='bbox 112 3883 241 3955; x_wconf 80' lang='lat' dir='ltr'><strong>tantum,</strong></span> <span class='ocrx_word' id='word_1_322' title='bbox 258 3896 287 3943; x_wconf 92' lang='lat' dir='ltr'><strong>et</strong></span> <span class='ocrx_word' id='word_1_323' title='bbox 303 3881 385 3942; x_wconf 81' lang='lat' dir='ltr'><strong>velut</strong></span> <span class='ocrx_word' id='word_1_324' title='bbox 401 3885 525 3965; x_wconf 83' lang='lat' dir='ltr'><strong>vestigia</strong></span> <span class='ocrx_word' id='word_1_325' title='bbox 541 3905 576 3945; x_wconf 92' lang='lat' dir='ltr'><strong>ac</strong></span> <span class='ocrx_word' id='word_1_326' title='bbox 592 3883 772 3948; x_wconf 89' lang='lat' dir='ltr'><strong>lineamenta</strong></span> <span class='ocrx_word' id='word_1_327' title='bbox 787 3885 924 3968; x_wconf 87' lang='lat' dir='ltr'><strong>quedam</strong></span> <span class='ocrx_word' id='word_1_328' title='bbox 936 3888 1116 3964; x_wconf 86' lang='lat' dir='ltr'><strong>ostendisse,</strong></span> 
     </span>
     <span class='ocr_line' id='line_1_41' title="bbox 112 3961 1116 4054; baseline 0.009 -23.029"><span class='ocrx_word' id='word_1_329' title='bbox 112 3967 252 4034; x_wconf 79' lang='lat' dir='ltr'><strong>videatis.</strong></span> <span class='ocrx_word' id='word_1_330' title='bbox 287 3961 390 4042; x_wconf 78' lang='lat' dir='ltr'><strong>llam,</strong></span> <span class='ocrx_word' id='word_1_331' title='bbox 416 3968 523 4050; x_wconf 88' lang='lat' dir='ltr'><strong>quibus</strong></span> <span class='ocrx_word' id='word_1_332' title='bbox 538 3969 923 4036; x_wconf 78' lang='lat' dir='ltr'><strong>instrui-vetetesoratores</strong></span> <span class='ocrx_word' id='word_1_333' title='bbox 945 3973 1023 4037; x_wconf 87' lang='lat' dir='ltr'><strong>soliti</strong></span> <span class='ocrx_word' id='word_1_334' title='bbox 1044 3973 1116 4054; x_wconf 87' lang='lat' dir='ltr'><strong>sint,</strong></span> 
     </span>
    </p>
   </div>
   <div class='ocr_carea' id='block_1_13' title="bbox 0 0 1282 4446">
    <p class='ocr_par' dir='ltr' id='par_1_13' title="bbox 0 0 1282 4446">
     <span class='ocr_line' id='line_1_42' title="bbox 0 0 1282 4446; baseline 0 1"><span class='ocrx_word' id='word_1_335' title='bbox 0 0 1282 4446; x_wconf 95' lang='lat' dir='ltr'><strong> </strong></span> 
     </span>
    </p>
   </div>
  </div>
 </body>
</html>
