<?xml version="1.0" encoding="UTF-8"?>
<!DOCTYPE html PUBLIC "-//W3C//DTD XHTML 1.0 Transitional//EN"
    "http://www.w3.org/TR/xhtml1/DTD/xhtml1-transitional.dtd">
<html xmlns="http://www.w3.org/1999/xhtml" xml:lang="en" lang="en">
 <head>
  <title>
</title>
<meta http-equiv="Content-Type" content="text/html;charset=utf-8" />
  <meta name='ocr-system' content='tesseract 3.04.00' />
  <meta name='ocr-capabilities' content='ocr_page ocr_carea ocr_par ocr_line ocrx_word'/>
</head>
<body>
  <div class='ocr_page' id='page_1' title='image "./ccorneliitaciti24tacigoog_0157.png"; bbox 0 0 2516 4250; ppageno 0'>
   <div class='ocr_carea' id='block_1_1' title="bbox 91 250 1091 336">
    <p class='ocr_par' dir='ltr' id='par_1_1' title="bbox 91 250 1091 336">
     <span class='ocr_line' id='line_1_1' title="bbox 91 250 1091 336; baseline 0.003 -21"><span class='ocrx_word' id='word_1_1' title='bbox 91 250 133 318; x_wconf 87' lang='lat' dir='ltr'>A.</span> <span class='ocrx_word' id='word_1_2' title='bbox 150 252 192 318; x_wconf 90' lang='lat' dir='ltr'>C.</span> <span class='ocrx_word' id='word_1_3' title='bbox 208 255 278 336; x_wconf 71' lang='lat' dir='ltr'>ott]</span> <span class='ocrx_word' id='word_1_4' title='bbox 369 251 512 318; x_wconf 78' lang='lat' dir='ltr'>Hrsuos.</span> <span class='ocrx_word' id='word_1_5' title='bbox 535 251 610 318; x_wconf 87' lang='lat' dir='ltr'>Lrs.</span> <span class='ocrx_word' id='word_1_6' title='bbox 635 255 826 320; x_wconf 76' lang='lat' dir='ltr'>Saconous.</span> <span class='ocrx_word' id='word_1_7' title='bbox 1051 255 1091 318; x_wconf 83' lang='lat' dir='ltr'>&#39;ll</span> 
     </span>
    </p>
   </div>
   <div class='ocr_carea' id='block_1_2' title="bbox 76 416 1108 3889">
    <p class='ocr_par' dir='ltr' id='par_1_2' title="bbox 92 416 1093 928">
     <span class='ocr_line' id='line_1_2' title="bbox 92 416 1091 504; baseline 0.003 -22"><span class='ocrx_word' id='word_1_8' title='bbox 92 419 219 502; x_wconf 87' lang='lat' dir='ltr'>partium</span> <span class='ocrx_word' id='word_1_9' title='bbox 250 418 367 482; x_wconf 82' lang='lat' dir='ltr'><strong>Duces.</strong></span> <span class='ocrx_word' id='word_1_10' title='bbox 415 416 577 482; x_wconf 73' lang='lat' dir='ltr'>Valentem</span> <span class='ocrx_word' id='word_1_11' title='bbox 602 435 633 483; x_wconf 92' lang='lat' dir='ltr'>et</span> <span class='ocrx_word' id='word_1_12' title='bbox 664 419 829 497; x_wconf 73' lang='lat' dir='ltr'>Caecinam,</span> <span class='ocrx_word' id='word_1_13' title='bbox 860 441 916 504; x_wconf 87' lang='lat' dir='ltr'>pro</span> <span class='ocrx_word' id='word_1_14' title='bbox 944 421 1091 485; x_wconf 84' lang='lat' dir='ltr'>concione</span> 
     </span>
     <span class='ocr_line' id='line_1_3' title="bbox 92 505 1093 590; baseline 0.001 -20"><span class='ocrx_word' id='word_1_15' title='bbox 92 505 240 582; x_wconf 90' lang='lat' dir='ltr'>laudatos,</span> <span class='ocrx_word' id='word_1_16' title='bbox 263 505 357 568; x_wconf 90' lang='lat' dir='ltr'>curuli</span> <span class='ocrx_word' id='word_1_17' title='bbox 380 527 441 568; x_wconf 81' lang='lat' dir='ltr'>suae</span> <span class='ocrx_word' id='word_1_18' title='bbox 463 506 687 590; x_wconf 85' lang='lat' dir='ltr'>circumposuit.</span> <span class='ocrx_word' id='word_1_19' title='bbox 732 507 810 570; x_wconf 81' lang='lat' dir='ltr'>Mox</span> <span class='ocrx_word' id='word_1_20' title='bbox 826 514 834 544; x_wconf 77' lang='lat'>¹</span> <span class='ocrx_word' id='word_1_21' title='bbox 848 508 1018 570; x_wconf 85' lang='lat' dir='ltr'>uuiversum</span> <span class='ocrx_word' id='word_1_22' title='bbox 1038 531 1093 571; x_wconf 85' lang='lat' dir='ltr'>ex·</span> 
     </span>
     <span class='ocr_line' id='line_1_4' title="bbox 93 592 1092 678; baseline 0.005 -25"><span class='ocrx_word' id='word_1_23' title='bbox 93 593 219 656; x_wconf 84' lang='lat' dir='ltr'>ercitum</span> <span class='ocrx_word' id='word_1_24' title='bbox 232 613 390 655; x_wconf 86' lang='lat' dir='ltr'>occurrere</span> <span class='ocrx_word' id='word_1_25' title='bbox 401 592 504 655; x_wconf 87' lang='lat' dir='ltr'>inlanti</span> <span class='ocrx_word' id='word_1_26' title='bbox 521 593 590 655; x_wconf 90' lang='lat' dir='ltr'>filio&#39;</span> <span class='ocrx_word' id='word_1_27' title='bbox 603 593 712 678; x_wconf 87' lang='lat' dir='ltr'>jubet:</span> <span class='ocrx_word' id='word_1_28' title='bbox 737 595 944 678; x_wconf 88' lang='lat' dir='ltr'>perlatumque</span> <span class='ocrx_word' id='word_1_29' title='bbox 961 611 992 657; x_wconf 88' lang='lat' dir='ltr'>et</span> <span class='ocrx_word' id='word_1_30' title='bbox 1009 596 1092 677; x_wconf 90' lang='lat' dir='ltr'>palu·</span> 
     </span>
     <span class='ocr_line' id='line_1_5' title="bbox 93 679 1092 765; baseline 0.005 -25"><span class='ocrx_word' id='word_1_31' title='bbox 93 679 236 742; x_wconf 90' lang='lat' dir='ltr'>damento</span> <span class='ocrx_word' id='word_1_32' title='bbox 262 694 401 762; x_wconf 89' lang='lat' dir='ltr'>opertum</span> <span class='ocrx_word' id='word_1_33' title='bbox 426 679 491 742; x_wconf 88' lang='lat' dir='ltr'>siun</span> <span class='ocrx_word' id='word_1_34' title='bbox 515 681 656 755; x_wconf 88' lang='lat' dir='ltr'>retinens,</span> <span class='ocrx_word' id='word_1_35' title='bbox 685 680 894 743; x_wconf 82' lang='lat' dir='ltr'>Germanicum</span> <span class='ocrx_word' id='word_1_36' title='bbox 919 683 1092 765; x_wconf 87' lang='lat' dir='ltr'>appellavit,</span> 
     </span>
     <span class='ocr_line' id='line_1_6' title="bbox 93 764 1092 850; baseline 0.003 -22"><span class='ocrx_word' id='word_1_37' title='bbox 93 767 249 850; x_wconf 83' lang='lat' dir='ltr'>cinxitque</span> <span class='ocrx_word' id='word_1_38' title='bbox 275 766 390 828; x_wconf 89' lang='lat' dir='ltr'>cunctis</span> <span class='ocrx_word' id='word_1_39' title='bbox 417 764 539 830; x_wconf 86' lang='lat' dir='ltr'>lortunae</span> <span class='ocrx_word' id='word_1_40' title='bbox 571 766 750 848; x_wconf 82' lang='lat' dir='ltr'>Principalis</span> <span class='ocrx_word' id='word_1_41' title='bbox 776 768 961 848; x_wconf 84' lang='lat' dir='ltr'>insignibus:</span> <span class='ocrx_word' id='word_1_42' title='bbox 984 771 1092 832; x_wconf 90' lang='lat' dir='ltr'>nimius</span> 
     </span>
     <span class='ocr_line' id='line_1_7' title="bbox 92 852 1002 928; baseline -0.001 -11"><span class='ocrx_word' id='word_1_43' title='bbox 92 852 188 918; x_wconf 90' lang='lat' dir='ltr'>honos</span> <span class='ocrx_word' id='word_1_44' title='bbox 202 855 279 915; x_wconf 89' lang='lat' dir='ltr'>inter</span> <span class='ocrx_word' id='word_1_45' title='bbox 294 852 437 928; x_wconf 77' lang='lat' dir='ltr'>secunde,</span> <span class='ocrx_word' id='word_1_46' title='bbox 454 853 542 915; x_wconf 90' lang='lat' dir='ltr'>rebus</span> <span class='ocrx_word' id='word_1_47' title='bbox 558 855 690 916; x_wconf 90' lang='lat' dir='ltr'>adversis</span> <span class='ocrx_word' id='word_1_48' title='bbox 706 855 735 916; x_wconf 91' lang='lat' dir='ltr'>in</span> <span class='ocrx_word' id='word_1_49' title='bbox 751 855 889 917; x_wconf 89' lang='lat' dir='ltr'>solatium</span> <span class='ocrx_word' id='word_1_50' title='bbox 905 855 1002 919; x_wconf 88' lang='lat' dir='ltr'>cessit.</span> 
     </span>
    </p>

    <p class='ocr_par' dir='ltr' id='par_1_3' title="bbox 76 937 1108 2502">
     <span class='ocr_line' id='line_1_8' title="bbox 136 937 1094 1024; baseline 0.004 -22"><span class='ocrx_word' id='word_1_51' title='bbox 136 938 212 1002; x_wconf 87' lang='lat' dir='ltr'>LX.</span> <span class='ocrx_word' id='word_1_52' title='bbox 236 938 318 1004; x_wconf 89' lang='lat' dir='ltr'>Tum</span> <span class='ocrx_word' id='word_1_53' title='bbox 335 937 482 1002; x_wconf 84' lang='lat' dir='ltr'>interlecti</span> <span class='ocrx_word' id='word_1_54' title='bbox 506 937 709 1003; x_wconf 82' lang='lat' dir='ltr'>Centuriones</span> <span class='ocrx_word' id='word_1_55' title='bbox 733 941 923 1024; x_wconf 86' lang='lat' dir='ltr'>promtissimi</span> <span class='ocrx_word' id='word_1_56' title='bbox 944 940 1094 1006; x_wconf 89' lang='lat' dir='ltr'>Othonia·</span> 
     </span>
     <span class='ocr_line' id='line_1_9' title="bbox 76 1023 1093 1111; baseline 0 -19"><span class='ocrx_word' id='word_1_57' title='bbox 76 1045 218 1103; x_wconf 81' lang='lat' dir='ltr'>¹norum:</span> <span class='ocrx_word' id='word_1_58' title='bbox 243 1027 324 1088; x_wconf 88' lang='lat' dir='ltr'>unde</span> <span class='ocrx_word' id='word_1_59' title='bbox 341 1026 489 1110; x_wconf 89' lang='lat' dir='ltr'>praecipua</span> <span class='ocrx_word' id='word_1_60' title='bbox 503 1025 533 1088; x_wconf 91' lang='lat' dir='ltr'>in</span> <span class='ocrx_word' id='word_1_61' title='bbox 548 1024 704 1090; x_wconf 91' lang='lat' dir='ltr'>Vitellium</span> <span class='ocrx_word' id='word_1_62' title='bbox 726 1027 866 1090; x_wconf 75' lang='lat' dir='ltr'>alienatio</span> <span class='ocrx_word' id='word_1_63' title='bbox 887 1049 941 1110; x_wconf 91' lang='lat' dir='ltr'>per</span> <span class='ocrx_word' id='word_1_64' title='bbox 956 1023 1093 1111; x_wconf 88' lang='lat' dir='ltr'>Illyricos</span> 
     </span>
     <span class='ocr_line' id='line_1_10' title="bbox 93 1111 1094 1193; baseline 0.001 -15"><span class='ocrx_word' id='word_1_65' title='bbox 93 1111 256 1178; x_wconf 84' lang='lat' dir='ltr'>exercitus.</span> <span class='ocrx_word' id='word_1_66' title='bbox 303 1112 399 1176; x_wconf 90' lang='lat' dir='ltr'>Simul</span> <span class='ocrx_word' id='word_1_67' title='bbox 429 1127 537 1174; x_wconf 85' lang='lat' dir='ltr'>ceterae</span> <span class='ocrx_word' id='word_1_68' title='bbox 559 1113 693 1193; x_wconf 85' lang='lat' dir='ltr'>legiones</span> <span class='ocrx_word' id='word_1_69' title='bbox 719 1128 872 1190; x_wconf 88' lang='lat' dir='ltr'>contactu,</span> <span class='ocrx_word' id='word_1_70' title='bbox 898 1128 929 1178; x_wconf 89' lang='lat' dir='ltr'>et</span> <span class='ocrx_word' id='word_1_71' title='bbox 952 1115 1094 1179; x_wconf 78' lang='lat' dir='ltr'>adversius</span> 
     </span>
     <span class='ocr_line' id='line_1_11' title="bbox 92 1197 1093 1275; baseline 0.003 -13"><span class='ocrx_word' id='word_1_72' title='bbox 92 1198 292 1264; x_wconf 89' lang='lat' dir='ltr'>Germanicos</span> <span class='ocrx_word' id='word_1_73' title='bbox 308 1199 416 1262; x_wconf 88' lang='lat' dir='ltr'>milites</span> <span class='ocrx_word' id='word_1_74' title='bbox 432 1197 554 1275; x_wconf 74' lang='lat' dir='ltr'>invidiis,</span> <span class='ocrx_word' id='word_1_75' title='bbox 570 1199 683 1262; x_wconf 91' lang='lat' dir='ltr'>bellum</span> <span class='ocrx_word' id='word_1_76' title='bbox 707 1200 936 1264; x_wconf 89' lang='lat' dir='ltr'>meditabantur.</span> <span class='ocrx_word' id='word_1_77' title='bbox 984 1202 1093 1266; x_wconf 86' lang='lat' dir='ltr'>Sueto·</span> 
     </span>
     <span class='ocr_line' id='line_1_12' title="bbox 92 1285 1093 1371; baseline 0.001 -21"><span class='ocrx_word' id='word_1_78' title='bbox 92 1287 175 1350; x_wconf 90' lang='lat' dir='ltr'>nium</span> <span class='ocrx_word' id='word_1_79' title='bbox 191 1285 353 1349; x_wconf 87' lang='lat' dir='ltr'>Paulinum</span> <span class='ocrx_word' id='word_1_80' title='bbox 369 1307 404 1349; x_wconf 91' lang='lat' dir='ltr'>ac</span> <span class='ocrx_word' id='word_1_81' title='bbox 417 1285 565 1348; x_wconf 90' lang='lat' dir='ltr'>Licinium</span> <span class='ocrx_word' id='word_1_82' title='bbox 577 1285 752 1363; x_wconf 90' lang='lat' dir='ltr'>Proculum,</span> <span class='ocrx_word' id='word_1_83' title='bbox 766 1288 839 1350; x_wconf 92' lang='lat' dir='ltr'>tristi</span> <span class='ocrx_word' id='word_1_84' title='bbox 850 1286 934 1350; x_wconf 83' lang='lat' dir='ltr'>morit</span> <span class='ocrx_word' id='word_1_85' title='bbox 943 1289 1093 1371; x_wconf 89' lang='lat' dir='ltr'>squalidos</span> 
     </span>
     <span class='ocr_line' id='line_1_13' title="bbox 92 1371 1092 1460; baseline 0 -23"><span class='ocrx_word' id='word_1_86' title='bbox 92 1375 198 1450; x_wconf 87' lang='lat' dir='ltr'>tenuit,</span> <span class='ocrx_word' id='word_1_87' title='bbox 215 1373 313 1436; x_wconf 90' lang='lat' dir='ltr'>donec</span> <span class='ocrx_word' id='word_1_88' title='bbox 329 1372 432 1450; x_wconf 90' lang='lat' dir='ltr'>auditi,</span> <span class='ocrx_word' id='word_1_89' title='bbox 448 1374 622 1436; x_wconf 88' lang='lat' dir='ltr'>necessariis</span> <span class='ocrx_word' id='word_1_90' title='bbox 646 1371 740 1454; x_wconf 84' lang='lat' dir='ltr'>magis</span> <span class='ocrx_word' id='word_1_91' title='bbox 756 1373 978 1437; x_wconf 76' lang='lat' dir='ltr'>defensionibus</span> <span class='ocrx_word' id='word_1_92' title='bbox 1001 1375 1092 1460; x_wconf 80' lang='lat' dir='ltr'>quiam</span> 
     </span>
     <span class='ocr_line' id='line_1_14' title="bbox 92 1458 1108 1545; baseline 0.001 -21"><span class='ocrx_word' id='word_1_93' title='bbox 92 1461 226 1524; x_wconf 87' lang='lat' dir='ltr'>honestis</span> <span class='ocrx_word' id='word_1_94' title='bbox 251 1476 412 1524; x_wconf 86' lang='lat' dir='ltr'>uterentur.</span> <span class='ocrx_word' id='word_1_95' title='bbox 458 1458 663 1522; x_wconf 84' lang='lat' dir='ltr'>Proditionem</span> <span class='ocrx_word' id='word_1_96' title='bbox 685 1459 762 1522; x_wconf 84' lang='lat' dir='ltr'>ultrb</span> <span class='ocrx_word' id='word_1_97' title='bbox 779 1461 986 1543; x_wconf 91' lang='lat' dir='ltr'>imputabant;</span> <span class='ocrx_word' id='word_1_98' title='bbox 1003 1459 1108 1545; x_wconf 52' lang='lat' dir='ltr'>‘spass</span> 
     </span>
     <span class='ocr_line' id='line_1_15' title="bbox 92 1545 1092 1630; baseline -0.002 -18"><span class='ocrx_word' id='word_1_99' title='bbox 92 1549 167 1612; x_wconf 89' lang='lat' dir='ltr'>tium</span> <span class='ocrx_word' id='word_1_100' title='bbox 178 1548 257 1627; x_wconf 90' lang='lat' dir='ltr'>longi</span> <span class='ocrx_word' id='word_1_101' title='bbox 268 1563 338 1610; x_wconf 94' lang='lat' dir='ltr'>ante</span> <span class='ocrx_word' id='word_1_102' title='bbox 352 1545 484 1630; x_wconf 83' lang='lat' dir='ltr'>praelium</span> <span class='ocrx_word' id='word_1_103' title='bbox 497 1546 618 1622; x_wconf 89' lang='lat' dir='ltr'>itineris,</span> <span class='ocrx_word' id='word_1_104' title='bbox 627 1547 830 1629; x_wconf 78' lang='lat' dir='ltr'>fatigationem</span> <span class='ocrx_word' id='word_1_105' title='bbox 841 1545 1092 1624; x_wconf 90' lang='lat' dir='ltr'>Othonianorum,</span> 
     </span>
     <span class='ocr_line' id='line_1_16' title="bbox 93 1632 1093 1720; baseline 0 -22"><span class='ocrx_word' id='word_1_106' title='bbox 93 1635 278 1720; x_wconf 89' lang='lat' dir='ltr'>permixtum</span> <span class='ocrx_word' id='word_1_107' title='bbox 295 1633 440 1696; x_wconf 90' lang='lat' dir='ltr'>vehiculis</span> <span class='ocrx_word' id='word_1_108' title='bbox 467 1655 586 1714; x_wconf 83' lang='lat' dir='ltr'>agmen,</span> <span class='ocrx_word' id='word_1_109' title='bbox 611 1655 646 1695; x_wconf 92' lang='lat' dir='ltr'>ac</span> <span class='ocrx_word' id='word_1_110' title='bbox 672 1634 815 1716; x_wconf 83' lang='lat' dir='ltr'>pleraque</span> <span class='ocrx_word' id='word_1_111' title='bbox 845 1632 975 1710; x_wconf 81' lang='lat' dir='ltr'>fortuita,</span> <span class='ocrx_word' id='word_1_112' title='bbox 1000 1633 1093 1698; x_wconf 91' lang='lat' dir='ltr'>sraudi</span> 
     </span>
     <span class='ocr_line' id='line_1_17' title="bbox 92 1717 1092 1804; baseline -0.002 -19"><span class='ocrx_word' id='word_1_113' title='bbox 92 1721 163 1786; x_wconf 83' lang='lat' dir='ltr'>suae’</span> <span class='ocrx_word' id='word_1_114' title='bbox 181 1723 384 1804; x_wconf 88' lang='lat' dir='ltr'>assignantes:</span> <span class='ocrx_word' id='word_1_115' title='bbox 409 1733 440 1781; x_wconf 90' lang='lat' dir='ltr'>et</span> <span class='ocrx_word' id='word_1_116' title='bbox 453 1717 594 1782; x_wconf 88' lang='lat' dir='ltr'>Vitellius</span> <span class='ocrx_word' id='word_1_117' title='bbox 606 1720 733 1782; x_wconf 92' lang='lat' dir='ltr'>credidit</span> <span class='ocrx_word' id='word_1_118' title='bbox 750 1721 788 1781; x_wconf 93' lang='lat' dir='ltr'>de</span> <span class='ocrx_word' id='word_1_119' title='bbox 805 1717 941 1802; x_wconf 72' lang='lat' dir='ltr'>perfidiis,</span> <span class='ocrx_word' id='word_1_120' title='bbox 957 1735 988 1782; x_wconf 90' lang='lat' dir='ltr'>et</span> <span class='ocrx_word' id='word_1_121' title='bbox 1003 1721 1092 1784; x_wconf 88' lang='lat' dir='ltr'>fidem</span> 
     </span>
     <span class='ocr_line' id='line_1_18' title="bbox 93 1805 1094 1882; baseline -0.002 -10"><span class='ocrx_word' id='word_1_122' title='bbox 93 1809 232 1872; x_wconf 90' lang='lat' dir='ltr'>absolvit.</span> <span class='ocrx_word' id='word_1_123' title='bbox 278 1808 397 1870; x_wconf 87' lang='lat' dir='ltr'>Salvius</span> <span class='ocrx_word' id='word_1_124' title='bbox 412 1805 562 1882; x_wconf 88' lang='lat' dir='ltr'>Titianus,</span> <span class='ocrx_word' id='word_1_125' title='bbox 579 1805 710 1868; x_wconf 85' lang='lat' dir='ltr'>Othonis</span> <span class='ocrx_word' id='word_1_126' title='bbox 732 1805 833 1882; x_wconf 85' lang='lat' dir='ltr'>irater,</span> <span class='ocrx_word' id='word_1_127' title='bbox 857 1806 971 1868; x_wconf 89' lang='lat' dir='ltr'>nullum</span> <span class='ocrx_word' id='word_1_128' title='bbox 992 1807 1094 1870; x_wconf 91' lang='lat' dir='ltr'>discri-</span> 
     </span>
     <span class='ocr_line' id='line_1_19' title="bbox 93 1891 1094 1978; baseline -0.003 -19"><span class='ocrx_word' id='word_1_129' title='bbox 93 1917 163 1960; x_wconf 88' lang='lat' dir='ltr'>men</span> <span class='ocrx_word' id='word_1_130' title='bbox 180 1895 261 1971; x_wconf 88' lang='lat' dir='ltr'>adiit,</span> <span class='ocrx_word' id='word_1_131' title='bbox 278 1895 389 1978; x_wconf 86' lang='lat' dir='ltr'>pietate</span> <span class='ocrx_word' id='word_1_132' title='bbox 400 1907 430 1956; x_wconf 87' lang='lat' dir='ltr'>et</span> <span class='ocrx_word' id='word_1_133' title='bbox 446 1891 566 1975; x_wconf 73' lang='lat' dir='ltr'>ignavii</span> <span class='ocrx_word' id='word_1_134' title='bbox 577 1907 749 1956; x_wconf 87' lang='lat' dir='ltr'>excusatus.</span> <span class='ocrx_word' id='word_1_135' title='bbox 795 1891 893 1956; x_wconf 90' lang='lat' dir='ltr'>Mario</span> <span class='ocrx_word' id='word_1_136' title='bbox 906 1891 999 1956; x_wconf 89' lang='lat' dir='ltr'>Celso</span> <span class='ocrx_word' id='word_1_137' title='bbox 1010 1893 1094 1957; x_wconf 89' lang='lat' dir='ltr'>Con·</span> 
     </span>
     <span class='ocr_line' id='line_1_20' title="bbox 93 1978 1092 2065; baseline -0.002 -19"><span class='ocrx_word' id='word_1_138' title='bbox 93 1983 205 2046; x_wconf 91' lang='lat' dir='ltr'>sulatus</span> <span class='ocrx_word' id='word_1_139' title='bbox 221 1996 374 2044; x_wconf 87' lang='lat' dir='ltr'>servatur:</span> <span class='ocrx_word' id='word_1_140' title='bbox 398 1978 451 2041; x_wconf 89' lang='lat' dir='ltr'>sed</span> <span class='ocrx_word' id='word_1_141' title='bbox 468 1979 615 2042; x_wconf 91' lang='lat' dir='ltr'>creditum</span> <span class='ocrx_word' id='word_1_142' title='bbox 633 1979 722 2056; x_wconf 78' lang='lat' dir='ltr'>lamb,</span> <span class='ocrx_word' id='word_1_143' title='bbox 738 1979 951 2065; x_wconf 86' lang='lat' dir='ltr'>objectumque</span> <span class='ocrx_word' id='word_1_144' title='bbox 968 2003 1039 2044; x_wconf 85' lang='lat' dir='ltr'>mox</span> <span class='ocrx_word' id='word_1_145' title='bbox 1062 1981 1092 2044; x_wconf 92' lang='lat' dir='ltr'>in</span> 
     </span>
     <span class='ocr_line' id='line_1_21' title="bbox 96 2065 1094 2151; baseline -0.003 -18"><span class='ocrx_word' id='word_1_146' title='bbox 96 2069 210 2134; x_wconf 87' lang='lat' dir='ltr'>Senatu</span> <span class='ocrx_word' id='word_1_147' title='bbox 238 2068 362 2132; x_wconf 86' lang='lat' dir='ltr'>Caecilio</span> <span class='ocrx_word' id='word_1_148' title='bbox 389 2065 537 2149; x_wconf 89' lang='lat' dir='ltr'>Simplici,</span> <span class='ocrx_word' id='word_1_149' title='bbox 563 2065 661 2151; x_wconf 85' lang='lat' dir='ltr'>‘qudd</span> <span class='ocrx_word' id='word_1_150' title='bbox 690 2089 759 2129; x_wconf 92' lang='lat' dir='ltr'>eum</span> <span class='ocrx_word' id='word_1_151' title='bbox 787 2069 933 2129; x_wconf 89' lang='lat' dir='ltr'>bonorem</span> <span class='ocrx_word' id='word_1_152' title='bbox 966 2067 1094 2150; x_wconf 80' lang='lat' dir='ltr'>pecuniai</span> 
     </span>
     <span class='ocr_line' id='line_1_22' title="bbox 94 2151 1093 2232; baseline -0.004 -12"><span class='ocrx_word' id='word_1_153' title='bbox 94 2156 232 2232; x_wconf 86' lang='lat' dir='ltr'>mercari,</span> <span class='ocrx_word' id='word_1_154' title='bbox 249 2177 305 2217; x_wconf 90' lang='lat' dir='ltr'>nec</span> <span class='ocrx_word' id='word_1_155' title='bbox 317 2155 382 2216; x_wconf 89' lang='lat' dir='ltr'>sine</span> <span class='ocrx_word' id='word_1_156' title='bbox 392 2153 484 2216; x_wconf 86' lang='lat' dir='ltr'>exitio</span> <span class='ocrx_word' id='word_1_157' title='bbox 496 2151 591 2227; x_wconf 88' lang='lat' dir='ltr'>Celsi,</span> <span class='ocrx_word' id='word_1_158' title='bbox 607 2153 769 2216; x_wconf 88' lang='lat' dir='ltr'>voluisset.’</span> <span class='ocrx_word' id='word_1_159' title='bbox 802 2152 1093 2232; x_wconf 90' lang='lat' dir='ltr'>RestititVitellins;</span> 
     </span>
     <span class='ocr_line' id='line_1_23' title="bbox 94 2238 1093 2326; baseline -0.001 -22"><span class='ocrx_word' id='word_1_160' title='bbox 94 2243 237 2326; x_wconf 89' lang='lat' dir='ltr'>deditque</span> <span class='ocrx_word' id='word_1_161' title='bbox 254 2257 357 2324; x_wconf 90' lang='lat' dir='ltr'>postea</span> <span class='ocrx_word' id='word_1_162' title='bbox 367 2238 566 2303; x_wconf 88' lang='lat' dir='ltr'>Consulatum</span> <span class='ocrx_word' id='word_1_163' title='bbox 578 2239 714 2323; x_wconf 85' lang='lat' dir='ltr'>Simplici</span> <span class='ocrx_word' id='word_1_164' title='bbox 728 2241 881 2309; x_wconf 84' lang='lat' dir='ltr'>innoxium</span> <span class='ocrx_word' id='word_1_165' title='bbox 894 2254 925 2303; x_wconf 88' lang='lat' dir='ltr'>et</span> <span class='ocrx_word' id='word_1_166' title='bbox 934 2241 1093 2304; x_wconf 89' lang='lat' dir='ltr'>inemtum.</span> 
     </span>
     <span class='ocr_line' id='line_1_24' title="bbox 92 2325 1093 2406; baseline -0.002 -14"><span class='ocrx_word' id='word_1_167' title='bbox 92 2328 278 2392; x_wconf 85' lang='lat' dir='ltr'>Trachalum</span> <span class='ocrx_word' id='word_1_168' title='bbox 309 2325 452 2390; x_wconf 86' lang='lat' dir='ltr'>adversbs</span> <span class='ocrx_word' id='word_1_169' title='bbox 477 2327 668 2390; x_wconf 86' lang='lat' dir='ltr'>criminantes</span> <span class='ocrx_word' id='word_1_170' title='bbox 697 2325 831 2406; x_wconf 89' lang='lat' dir='ltr'>Galeria,</span> <span class='ocrx_word' id='word_1_171' title='bbox 862 2348 940 2390; x_wconf 82' lang='lat' dir='ltr'>uxor</span> <span class='ocrx_word' id='word_1_172' title='bbox 969 2325 1093 2406; x_wconf 90' lang='lat' dir='ltr'>Vitellii,</span> 
     </span>
     <span class='ocr_line' id='line_1_25' title="bbox 94 2417 236 2502; baseline 0.014 -24"><span class='ocrx_word' id='word_1_173' title='bbox 94 2417 236 2502; x_wconf 86' lang='lat' dir='ltr'>protexit.</span> 
     </span>
    </p>

    <p class='ocr_par' dir='ltr' id='par_1_4' title="bbox 93 2499 1097 3436">
     <span class='ocr_line' id='line_1_26' title="bbox 138 2499 1094 2584; baseline 0 -20"><span class='ocrx_word' id='word_1_174' title='bbox 138 2500 226 2564; x_wconf 85' lang='lat' dir='ltr'><strong>LXI.</strong></span> <span class='ocrx_word' id='word_1_175' title='bbox 251 2501 334 2564; x_wconf 90' lang='lat' dir='ltr'>lnter</span> <span class='ocrx_word' id='word_1_176' title='bbox 356 2522 532 2584; x_wconf 90' lang='lat' dir='ltr'>magnorum</span> <span class='ocrx_word' id='word_1_177' title='bbox 550 2501 680 2564; x_wconf 88' lang='lat' dir='ltr'>virorum</span> <span class='ocrx_word' id='word_1_178' title='bbox 704 2499 874 2565; x_wconf 91' lang='lat' dir='ltr'>discrimina</span> <span class='ocrx_word' id='word_1_179' title='bbox 902 2500 1094 2584; x_wconf 86' lang='lat' dir='ltr'>(pudendum</span> 
     </span>
     <span class='ocr_line' id='line_1_27' title="bbox 95 2587 1095 2673; baseline -0.002 -21"><span class='ocrx_word' id='word_1_180' title='bbox 95 2589 192 2671; x_wconf 89' lang='lat' dir='ltr'>dictu.)</span> <span class='ocrx_word' id='word_1_181' title='bbox 211 2587 361 2651; x_wconf 89' lang='lat' dir='ltr'>Mariccus</span> <span class='ocrx_word' id='word_1_182' title='bbox 385 2588 517 2673; x_wconf 89' lang='lat' dir='ltr'>quidam,</span> <span class='ocrx_word' id='word_1_183' title='bbox 542 2609 559 2650; x_wconf 90' lang='lat' dir='ltr'>e</span> <span class='ocrx_word' id='word_1_184' title='bbox 586 2589 674 2672; x_wconf 91' lang='lat' dir='ltr'>plebe</span> <span class='ocrx_word' id='word_1_185' title='bbox 695 2588 852 2665; x_wconf 89' lang='lat' dir='ltr'>Boiorum,</span> <span class='ocrx_word' id='word_1_186' title='bbox 873 2587 1004 2650; x_wconf 88' lang='lat' dir='ltr'>inserere</span> <span class='ocrx_word' id='word_1_187' title='bbox 1028 2610 1095 2651; x_wconf 88' lang='lat' dir='ltr'>sese</span> 
     </span>
     <span class='ocr_line' id='line_1_28' title="bbox 94 2673 1095 2759; baseline -0.002 -19"><span class='ocrx_word' id='word_1_188' title='bbox 94 2675 237 2740; x_wconf 87' lang='lat' dir='ltr'>Fortunae</span> <span class='ocrx_word' id='word_1_189' title='bbox 261 2690 291 2739; x_wconf 92' lang='lat' dir='ltr'>et</span> <span class='ocrx_word' id='word_1_190' title='bbox 314 2697 477 2759; x_wconf 84' lang='lat' dir='ltr'>provocare</span> <span class='ocrx_word' id='word_1_191' title='bbox 500 2696 582 2738; x_wconf 89' lang='lat' dir='ltr'>arma</span> <span class='ocrx_word' id='word_1_192' title='bbox 605 2675 756 2751; x_wconf 78' lang='lat' dir='ltr'>Botriana,</span> <span class='ocrx_word' id='word_1_193' title='bbox 781 2675 968 2738; x_wconf 84' lang='lat' dir='ltr'>simulatione</span> <span class='ocrx_word' id='word_1_194' title='bbox 987 2673 1095 2738; x_wconf 88' lang='lat' dir='ltr'>Numi·</span> 
     </span>
     <span class='ocr_line' id='line_1_29' title="bbox 94 2761 1093 2846; baseline -0.004 -18"><span class='ocrx_word' id='word_1_195' title='bbox 94 2784 167 2828; x_wconf 90' lang='lat' dir='ltr'>num</span> <span class='ocrx_word' id='word_1_196' title='bbox 198 2783 287 2826; x_wconf 88' lang='lat' dir='ltr'>ansus</span> <span class='ocrx_word' id='word_1_197' title='bbox 314 2777 369 2826; x_wconf 85' lang='lat' dir='ltr'>est.</span> <span class='ocrx_word' id='word_1_198' title='bbox 415 2761 546 2846; x_wconf 88' lang='lat' dir='ltr'>Jamque</span> <span class='ocrx_word' id='word_1_199' title='bbox 567 2768 715 2824; x_wconf 87' lang='lat' dir='ltr'>‘assertor</span> <span class='ocrx_word' id='word_1_200' title='bbox 738 2761 903 2832; x_wconf 87' lang='lat' dir='ltr'>Galliarum</span> <span class='ocrx_word' id='word_1_201' title='bbox 928 2776 959 2823; x_wconf 93' lang='lat' dir='ltr'>et</span> <span class='ocrx_word' id='word_1_202' title='bbox 984 2761 1093 2839; x_wconf 89' lang='lat' dir='ltr'>Deus,&#39;</span> 
     </span>
     <span class='ocr_line' id='line_1_30' title="bbox 95 2847 1095 2932; baseline -0.004 -18"><span class='ocrx_word' id='word_1_203' title='bbox 95 2853 221 2932; x_wconf 88' lang='lat' dir='ltr'>(nomeu</span> <span class='ocrx_word' id='word_1_204' title='bbox 238 2849 268 2912; x_wconf 90' lang='lat' dir='ltr'>id</span> <span class='ocrx_word' id='word_1_205' title='bbox 284 2849 339 2911; x_wconf 91' lang='lat' dir='ltr'>sibi</span> <span class='ocrx_word' id='word_1_206' title='bbox 358 2847 531 2932; x_wconf 85' lang='lat' dir='ltr'>indiderat,)</span> <span class='ocrx_word' id='word_1_207' title='bbox 548 2849 672 2911; x_wconf 88' lang='lat' dir='ltr'>concitis</span> <span class='ocrx_word' id='word_1_208' title='bbox 692 2861 762 2911; x_wconf 93' lang='lat' dir='ltr'>octo</span> <span class='ocrx_word' id='word_1_209' title='bbox 782 2848 912 2910; x_wconf 92' lang='lat' dir='ltr'>millibus</span> <span class='ocrx_word' id='word_1_210' title='bbox 929 2848 1095 2926; x_wconf 90' lang='lat' dir='ltr'>hominurn,</span> 
     </span>
     <span class='ocr_line' id='line_1_31' title="bbox 94 2935 1095 3024; baseline -0.005 -23"><span class='ocrx_word' id='word_1_211' title='bbox 94 2937 249 3024; x_wconf 84' lang='lat' dir='ltr'>proximos</span> <span class='ocrx_word' id='word_1_212' title='bbox 260 2935 429 2998; x_wconf 86' lang='lat' dir='ltr'>AEduorum</span> <span class='ocrx_word' id='word_1_213' title='bbox 443 2957 536 3018; x_wconf 91' lang='lat' dir='ltr'>pagos</span> <span class='ocrx_word' id='word_1_214' title='bbox 545 2935 698 3010; x_wconf 75' lang='lat' dir='ltr'>tralre&#39;bat3</span> <span class='ocrx_word' id='word_1_215' title='bbox 713 2935 784 2996; x_wconf 81' lang='lat' dir='ltr'>crim</span> <span class='ocrx_word' id='word_1_216' title='bbox 795 2935 968 3015; x_wconf 88' lang='lat' dir='ltr'>gravissima</span> <span class='ocrx_word' id='word_1_217' title='bbox 980 2935 1095 3012; x_wconf 89' lang='lat' dir='ltr'>civitas,</span> 
     </span>
     <span class='ocr_line' id='line_1_32' title="bbox 93 3019 1094 3108; baseline -0.003 -20"><span class='ocrx_word' id='word_1_218' title='bbox 93 3022 195 3088; x_wconf 76' lang='lat' dir='ltr'>electis</span> <span class='ocrx_word' id='word_1_219' title='bbox 214 3023 386 3108; x_wconf 87' lang='lat' dir='ltr'>juventute,</span> <span class='ocrx_word' id='word_1_220' title='bbox 410 3021 535 3107; x_wconf 87' lang='lat' dir='ltr'>adjectis</span> <span class='ocrx_word' id='word_1_221' title='bbox 553 3043 568 3084; x_wconf 92' lang='lat' dir='ltr'>a</span> <span class='ocrx_word' id='word_1_222' title='bbox 587 3019 713 3084; x_wconf 89' lang='lat' dir='ltr'>Vitellio</span> <span class='ocrx_word' id='word_1_223' title='bbox 735 3022 919 3096; x_wconf 88' lang='lat' dir='ltr'>cohortibus,</span> <span class='ocrx_word' id='word_1_224' title='bbox 935 3021 1094 3085; x_wconf 82' lang='lat' dir='ltr'>fanaticam</span> 
     </span>
     <span class='ocr_line' id='line_1_33' title="bbox 94 3107 1095 3194; baseline -0.005 -17"><span class='ocrx_word' id='word_1_225' title='bbox 94 3111 319 3178; x_wconf 86' lang='lat' dir='ltr'>multitudinem</span> <span class='ocrx_word' id='word_1_226' title='bbox 342 3107 471 3194; x_wconf 89' lang='lat' dir='ltr'>disjecit.</span> <span class='ocrx_word' id='word_1_227' title='bbox 516 3108 633 3191; x_wconf 90' lang='lat' dir='ltr'>Captus</span> <span class='ocrx_word' id='word_1_228' title='bbox 650 3108 677 3170; x_wconf 92' lang='lat' dir='ltr'>in</span> <span class='ocrx_word' id='word_1_229' title='bbox 701 3129 739 3170; x_wconf 91' lang='lat' dir='ltr'>eo</span> <span class='ocrx_word' id='word_1_230' title='bbox 762 3108 862 3191; x_wconf 80' lang='lat' dir='ltr'>praelio</span> <span class='ocrx_word' id='word_1_231' title='bbox 886 3107 1039 3171; x_wconf 90' lang='lat' dir='ltr'>Mariccus</span> <span class='ocrx_word' id='word_1_232' title='bbox 1060 3129 1095 3172; x_wconf 88' lang='lat' dir='ltr'>ac</span> 
     </span>
     <span class='ocr_line' id='line_1_34' title="bbox 93 3194 1096 3282; baseline -0.006 -19"><span class='ocrx_word' id='word_1_233' title='bbox 93 3219 170 3264; x_wconf 81' lang='lat' dir='ltr'>mox</span> <span class='ocrx_word' id='word_1_234' title='bbox 185 3196 253 3260; x_wconf 86' lang='lat' dir='ltr'>seris</span> <span class='ocrx_word' id='word_1_235' title='bbox 266 3196 411 3282; x_wconf 87' lang='lat' dir='ltr'>objectus,</span> <span class='ocrx_word' id='word_1_236' title='bbox 428 3196 497 3280; x_wconf 89' lang='lat' dir='ltr'>quia</span> <span class='ocrx_word' id='word_1_237' title='bbox 513 3217 571 3258; x_wconf 90' lang='lat' dir='ltr'>non</span> <span class='ocrx_word' id='word_1_238' title='bbox 588 3195 763 3272; x_wconf 89' lang='lat' dir='ltr'>laniabatur,</span> <span class='ocrx_word' id='word_1_239' title='bbox 775 3194 916 3258; x_wconf 90' lang='lat' dir='ltr'>stolidum</span> <span class='ocrx_word' id='word_1_240' title='bbox 931 3196 1037 3277; x_wconf 86' lang='lat' dir='ltr'>vulgus</span> <span class='ocrx_word' id='word_1_241' title='bbox 1052 3196 1096 3258; x_wconf 92' lang='lat' dir='ltr'>io-</span> 
     </span>
     <span class='ocr_line' id='line_1_35' title="bbox 93 3279 1097 3366; baseline -0.001 -19"><span class='ocrx_word' id='word_1_242' title='bbox 93 3284 268 3348; x_wconf 86' lang='lat' dir='ltr'>violabilem</span> <span class='ocrx_word' id='word_1_243' title='bbox 291 3283 446 3361; x_wconf 87' lang='lat' dir='ltr'>credebat,</span> <span class='ocrx_word' id='word_1_244' title='bbox 473 3283 581 3358; x_wconf 90' lang='lat' dir='ltr'>donec,</span> <span class='ocrx_word' id='word_1_245' title='bbox 608 3297 764 3366; x_wconf 84' lang='lat' dir='ltr'>spectante</span> <span class='ocrx_word' id='word_1_246' title='bbox 793 3279 932 3361; x_wconf 89' lang='lat' dir='ltr'>Vitellio,</span> <span class='ocrx_word' id='word_1_247' title='bbox 957 3281 1097 3346; x_wconf 87' lang='lat' dir='ltr'>interlec-</span> 
     </span>
     <span class='ocr_line' id='line_1_36' title="bbox 96 3385 217 3436; baseline -0.033 0"><span class='ocrx_word' id='word_1_248' title='bbox 96 3387 146 3436; x_wconf 88' lang='lat' dir='ltr'>tus</span> <span class='ocrx_word' id='word_1_249' title='bbox 161 3385 217 3433; x_wconf 90' lang='lat' dir='ltr'>est.</span> 
     </span>
    </p>

    <p class='ocr_par' dir='ltr' id='par_1_5' title="bbox 96 3453 1099 3889">
     <span class='ocr_line' id='line_1_37' title="bbox 142 3453 1096 3541; baseline -0.003 -21"><span class='ocrx_word' id='word_1_250' title='bbox 142 3455 248 3520; x_wconf 89' lang='lat' dir='ltr'><strong>LXII.</strong></span> <span class='ocrx_word' id='word_1_251' title='bbox 273 3455 342 3520; x_wconf 89' lang='lat' dir='ltr'>Nec</span> <span class='ocrx_word' id='word_1_252' title='bbox 368 3457 446 3520; x_wconf 71' lang='lat' dir='ltr'>ultra</span> <span class='ocrx_word' id='word_1_253' title='bbox 472 3457 501 3519; x_wconf 92' lang='lat' dir='ltr'>in</span> <span class='ocrx_word' id='word_1_254' title='bbox 518 3453 698 3533; x_wconf 89' lang='lat' dir='ltr'>desectmes,</span> <span class='ocrx_word' id='word_1_255' title='bbox 725 3470 777 3520; x_wconf 90' lang='lat' dir='ltr'>aut</span> <span class='ocrx_word' id='word_1_256' title='bbox 802 3457 881 3520; x_wconf 89' lang='lat' dir='ltr'>bona</span> <span class='ocrx_word' id='word_1_257' title='bbox 910 3455 1096 3541; x_wconf 88' lang='lat' dir='ltr'>cujusquam,</span> 
     </span>
     <span class='ocr_line' id='line_1_38' title="bbox 96 3542 1097 3627; baseline -0.002 -19"><span class='ocrx_word' id='word_1_258' title='bbox 96 3545 251 3608; x_wconf 75' lang='lat' dir='ltr'>saevitum:</span> <span class='ocrx_word' id='word_1_259' title='bbox 276 3559 338 3606; x_wconf 90' lang='lat' dir='ltr'>rata</span> <span class='ocrx_word' id='word_1_260' title='bbox 355 3542 437 3606; x_wconf 78' lang='lat' dir='ltr'>lutire</span> <span class='ocrx_word' id='word_1_261' title='bbox 453 3565 569 3619; x_wconf 89' lang='lat' dir='ltr'>eorum,</span> <span class='ocrx_word' id='word_1_262' title='bbox 586 3544 636 3627; x_wconf 93' lang='lat' dir='ltr'>qni</span> <span class='ocrx_word' id='word_1_263' title='bbox 652 3544 716 3605; x_wconf 89' lang='lat' dir='ltr'>acie</span> <span class='ocrx_word' id='word_1_264' title='bbox 729 3543 904 3607; x_wconf 71' lang='lat' dir='ltr'>Othoniana</span> <span class='ocrx_word' id='word_1_265' title='bbox 915 3544 1097 3620; x_wconf 91' lang='lat' dir='ltr'>ceciderant,</span> 
     </span>
     <span class='ocr_line' id='line_1_39' title="bbox 96 3630 1097 3712; baseline -0.005 -16"><span class='ocrx_word' id='word_1_266' title='bbox 96 3644 288 3706; x_wconf 86' lang='lat' dir='ltr'>testamenta,</span> <span class='ocrx_word' id='word_1_267' title='bbox 305 3644 356 3692; x_wconf 90' lang='lat' dir='ltr'>aut</span> <span class='ocrx_word' id='word_1_268' title='bbox 379 3630 431 3693; x_wconf 81' lang='lat' dir='ltr'>lex</span> <span class='ocrx_word' id='word_1_269' title='bbox 453 3630 620 3693; x_wconf 87' lang='lat' dir='ltr'>intestatis:</span> <span class='ocrx_word' id='word_1_270' title='bbox 645 3651 774 3711; x_wconf 90' lang='lat' dir='ltr'>prorsus,</span> <span class='ocrx_word' id='word_1_271' title='bbox 792 3632 815 3694; x_wconf 92' lang='lat' dir='ltr'>si</span> <span class='ocrx_word' id='word_1_272' title='bbox 833 3631 956 3694; x_wconf 83' lang='lat' dir='ltr'>luxuriae</span> <span class='ocrx_word' id='word_1_273' title='bbox 979 3645 1097 3712; x_wconf 88' lang='lat' dir='ltr'>tempe-</span> 
     </span>
     <span class='ocr_line' id='line_1_40' title="bbox 97 3715 1098 3800; baseline -0.001 -20"><span class='ocrx_word' id='word_1_274' title='bbox 97 3732 187 3794; x_wconf 91' lang='lat' dir='ltr'>raret,</span> <span class='ocrx_word' id='word_1_275' title='bbox 204 3717 355 3780; x_wconf 85' lang='lat' dir='ltr'>avaritiam</span> <span class='ocrx_word' id='word_1_276' title='bbox 372 3738 430 3780; x_wconf 92' lang='lat' dir='ltr'>non</span> <span class='ocrx_word' id='word_1_277' title='bbox 454 3718 587 3781; x_wconf 91' lang='lat' dir='ltr'>timeres.</span> <span class='ocrx_word' id='word_1_278' title='bbox 635 3715 801 3800; x_wconf 85' lang='lat' dir='ltr'>Epularum</span> <span class='ocrx_word' id='word_1_279' title='bbox 818 3716 944 3782; x_wconf 58' lang='lat' dir='ltr'>soeda&#39;et</span> <span class='ocrx_word' id='word_1_280' title='bbox 960 3717 1098 3799; x_wconf 86' lang='lat' dir='ltr'>inexple-</span> 
     </span>
     <span class='ocr_line' id='line_1_41' title="bbox 99 3802 1099 3889; baseline -0.002 -21"><span class='ocrx_word' id='word_1_281' title='bbox 99 3805 166 3868; x_wconf 90' lang='lat' dir='ltr'>bilis</span> <span class='ocrx_word' id='word_1_282' title='bbox 188 3804 300 3868; x_wconf 85' lang='lat' dir='ltr'>libido:</span> <span class='ocrx_word' id='word_1_283' title='bbox 323 3825 364 3867; x_wconf 87' lang='lat' dir='ltr'>ex</span> <span class='ocrx_word' id='word_1_284' title='bbox 387 3804 459 3867; x_wconf 93' lang='lat' dir='ltr'>urbe</span> <span class='ocrx_word' id='word_1_285' title='bbox 483 3818 573 3889; x_wconf 84' lang='lat' dir='ltr'>atque</span> <span class='ocrx_word' id='word_1_286' title='bbox 597 3802 684 3867; x_wconf 70' lang='lat' dir='ltr'>ltalia</span> <span class='ocrx_word' id='word_1_287' title='bbox 707 3806 889 3868; x_wconf 88' lang='lat' dir='ltr'>irritamenta</span> <span class='ocrx_word' id='word_1_288' title='bbox 907 3803 982 3888; x_wconf 86' lang='lat' dir='ltr'>gulae</span> <span class='ocrx_word' id='word_1_289' title='bbox 1000 3817 1099 3886; x_wconf 90' lang='lat' dir='ltr'>gesta-</span> 
     </span>
    </p>
   </div>
   <div class='ocr_carea' id='block_1_3' title="bbox 0 0 1266 4250">
    <p class='ocr_par' dir='ltr' id='par_1_6' title="bbox 0 0 1266 4250">
     <span class='ocr_line' id='line_1_42' title="bbox 0 0 1266 4250; baseline 0 0"><span class='ocrx_word' id='word_1_290' title='bbox 0 0 1266 4250; x_wconf 95' lang='lat' dir='ltr'> </span> 
     </span>
    </p>
   </div>
  </div>
 </body>
</html>
