2514 4318
556 179 746 313 danicum:
1051 215 1053 218 ’
1091 211 1154 273 217

151 371 265 440 sulatrls
294 385 452 436 revocatos
474 386 531 449 est,
553 375 716 438 comitante
739 323 892 458 opinioni,
916 371 1103 437 Britanniam
1126 374 1155 437 ei

153 461 339 548 provinciam
354 459 438 522 dari:
460 460 602 522 nutttatn
626 462 684 524 huc
704 461 764 522 suis
786 440 985 534 sermonibus,
1007 461 1061 522 sed
1086 460 1156 544 quia

152 569 207 633 par
230 548 398 610 videbatur.
445 545 537 609 Haud
564 568 685 628 semper
715 561 793 610 errat
822 546 911 623 sama,
938 547 1100 630 aliquando
1123 561 1155 609 et

153 634 255 716 elegit.
302 632 419 697 Consul
442 634 569 716 egregiae
585 648 648 696 turn
672 633 735 717 spei
758 634 848 696 filiam
867 633 972 717 juveni
989 633 1061 694 mibi
1087 633 1156 694 des·

153 721 270 806 pendit,
287 741 321 782 ac
340 735 406 803 post
421 719 620 784 Consulatum
643 721 810 794 collocavit,
827 735 856 783 et
873 720 971 782 statim
991 718 1155 781 Britannia

153 807 329 893 prepositus
345 821 402 882 est,
418 806 537 892 adjecto
554 805 751 868 Pontificatirs
768 805 956 868 Sacerdotio.

196 891 239 956 X.
263 893 426 956 Britanniae
441 877 530 955 situm
548 893 747 978 populosque,
764 893 847 955 mult'

843 914 865 954 rs
880 861 1078 975 scriptoribud
1091 913 1156 955 nte·

153 994 295 1057 muratos,
311 1001 371 1042 non
394 981 424 1042 in
446 981 705 1062 comparationem
731 1001 810 1042 ourae
835 979 985 1061 ingeniive
1006 961 1155 1042 reseram:

153 1067 208 1130 sed
225 1067 294 1152 quia
309 1057 372 1130 tur'n
389 1066 516 1150 primaim
535 1052 700 1148 perddrfiita
720 1081 777 1128 est.
823 1064 940 1151 Itaque,
961 1087 1025 1150 quae
1042 1067 1155 1148 priores

153 1154 288 1217 nondum
310 1139 476 1237 compedta,
500 1151 674 1238 eloquentie
697 1138 883 1236 permisere,
907 1175 1006 1215 rerum
1022 1153 1081 1214 fide
1097 1140 1188 1215 ,mes

155 1240 275 1303 dentur.
320 1239 488 1316 Britannia,
504 1239 679 1314 insularum,
696 1262 769 1323 quas
790 1240 931 1302 Romana
954 1240 1057 1302 notitia
1073 1261 1158 1302 conr·

154 1327 305 1412 plectitur,
322 1327 465 1400 maxima,
480 1310 577 1411 spatid
600 1349 635 1389 ac
650 1315 734 1389 coetd
746 1328 775 1387 in
792 1325 950 1388 Orientem
974 1325 1175 1424 Germaniam!

154 1413 185 1476 in
203 1412 404 1476 Occidentem
430 1411 583 1495 Hispaniae
612 1413 806 1475 obtenditur:
830 1412 925 1474 Gallis
947 1410 976 1472 in
994 1411 1158 1474 Meridiem

155 1499 246 1563 etiam
262 1500 436 1583 inspicitur:
461 1481 726 1580 septemtrionalia
742 1498 817 1581 ejus,
833 1497 922 1559 nullis
942 1497 1046 1559 contri:
1061 1498 1156 1572 terris,

150 1601 239 1662 ¹vasto
255 1599 345 1670 atque
361 1598 466 1667 aperto
478 1569 552 1646 mari
570 1585 733 1666 pulsantur.
780 1582 924 1645 Formam
937 1584 1025 1645 totius
1036 1581 1157 1644 Britan-

155 1673 211 1736 niae
228 1671 333 1734 Livius
349 1657 497 1744 veterum,
518 1668 632 1732 Fabius
656 1669 802 1732 Rusticus
825 1669 990 1732 recentium
1012 1669 1158 1752 eloquen-

156 1757 261 1822 tissimi
275 1769 424 1832 auctores,
440 1755 576 1836 oblonga
592 1757 715 1818 scutulae
732 1756 778 1817 vel
794 1755 913 1838 bipenni
924 1754 1155 1817 assimulavdre:

157 1857 243 1907 etest
258 1863 294 1904 ea
310 1839 483 1906 laciescitra
494 1840 704 1950 Caledonipm,
718 1842 839 1906 undeet
851 1842 878 1905 in
896 1842 1066 1905 universum
1077 1839 1158 1904 sarna

157 1944 203 1993 est
218 1944 419 2013 transgressa:
442 1929 496 1990 sed
513 1929 691 1992 immensum
705 1943 736 1991 et
751 1951 874 1992 enorme
890 1929 1018 2014 spatium
1036 1949 1159 2012 procur-

157 2015 288 2080 rentium
312 2028 452 2078 extremo
474 2013 537 2099 jam
563 2015 662 2078 littore
687 2031 844 2092 terrarum,
868 2015 1001 2079 velutin
1025 2035 1158 2078 cuneum

159 2114 309 2165 tenuatur.
356 2097 447 2164 Hanc
462 2123 544 2164 oram
565 2103 715 2166 novissimi
738 2103 830 2165 maris·
851 2117 922 2166 tunc
945 2101 1074 2186 primirm
1091 2101 1158 2164 Ro·

157 2209 247 2252 mana
261 2187 364 2252 classis
380 2188 591 2264 circumvecta,
608 2189 734 2252 insulam
751 2211 817 2252 esse
828 2188 1014 2251 Britanniam
1030 2189 1159 2266 affirma-

127 2317 132 2332 .
157 2275 210 2352 rit,
226 2297 262 2338 ac
276 2273 364 2338 simul
381 2275 545 2356 incognitas
560 2275 598 2337 ad
615 2275 643 2338 id
660 2291 781 2359 tempus
796 2275 915 2350 insulas,
932 2296 1005 2359 quas
1021 2273 1159 2336 Orcadas

156 2376 275 2439 vocant,
287 2361 398 2425 invenit
410 2361 596 2446 domuitque.
641 2361 789 2446 Dispecta
798 2376 845 2424 est
854 2376 885 2424 et
896 2351 1001 2424 Tbble
1012 2359 1158 2445 quddam-

109 2517 110 2522 ,
157 2461 262 2512 tenus:
286 2449 339 2514 nix
351 2461 382 2512 et
398 2448 505 2532 hyems
521 2450 682 2534 appetebat
696 2471 704 2526 ;
727 2449 780 2512 sed
799 2469 880 2512 mare
895 2449 1010 2532 pigrum
1023 2463 1053 2512 et
1065 2469 1157 2530 grave

157 2535 390 2618 remigantibus:
415 2536 584 2619 perbibent,
600 2559 638 2599 ne
651 2537 747 2600 ventis
763 2537 884 2620 quidem
901 2534 1025 2619 perinde
1042 2535 1155 2599 attolli:

157 2622 259 2700 credo,
275 2621 356 2708 qubd
380 2623 505 2686 rariores
531 2637 617 2686 terre
641 2637 831 2706 montesque,
854 2644 945 2686 causa
969 2644 1005 2685 ac
1029 2623 1157 2686 materia

156 2721 383 2790 tempestatum,
395 2721 425 2770 et
445 2706 592 2789 profunda
606 2711 702 2770 moles
717 2709 850 2770 continui
872 2709 960 2771 maris
975 2709 1086 2772 tarditis
1102 2709 1158 2770 inr-

157 2795 287 2876 pellitur.
333 2790 481 2854 Naturam
507 2792 625 2854 Oceani
656 2808 748 2876 atque
778 2792 867 2856 restris
897 2816 995 2877 neque
1023 2815 1156 2878 quaerere

156 2877 374 2962 hujus,operis
404 2892 460 2952 est,
491 2899 526 2940 ac
556 2878 641 2940 multi
672 2877 822 2940 retulere:
847 2901 941 2940 unum
969 2879 1155 2942 addiderim:

134 2955 304 3048 ‘ffirsquam
328 2962 414 3025 latitia
438 2964 581 3026 dominari
606 2985 698 3038 mare,
714 2963 841 3026 multum
860 2963 1015 3026 fluminum
1040 2965 1099 3026 huc
1115 2981 1158 3028 at·

157 3071 216 3135 que
233 3050 303 3112 illuc
319 3047 407 3124 serre,
424 3070 481 3111 nec
506 3050 602 3112 littore
624 3065 712 3112 tenus
735 3071 910 3112 accrescere
926 3065 977 3110 aut
1000 3051 1158 3128 resorberi,

156 3137 209 3202 sed
235 3134 360 3199 influere
387 3135 505 3219 penitus
530 3151 619 3220 atque
644 3135 823 3213 ambire‚·et
841 3135 922 3221 jugis
945 3134 1036 3197 etiam
1066 3152 1157 3220 atque

157 3223 308 3288 montibus
323 3221 411 3284 inseri
427 3221 509 3284 velut
525 3223 553 3284 in
570 3245 635 3285 sno.
816 3276 836 3318 s
1109 3293 1116 3300 ,

202 3307 262 3372 Xl.
287 3307 446 3384 cererem,
463 3307 649 3370 Britanniam
667 3281 715 3392 (sui
739 3308 879 3370 mortales
895 3307 979 3370 initio
998 3273 1157 3388 coluerird,

158 3381 305 3478 indigenae
321 3416 358 3457 an
375 3394 506 3468 advecti,
526 3411 556 3458 ut
572 3395 649 3456 inter
665 3395 816 3469 barbaros,
834 3415 938 3478 parurn
955 3413 1158 3478 compertum.

159 3478 292 3547 Habittls
305 3502 464 3563 corporum
482 3481 569 3544 varii:
594 3495 683 3565 atque
699 3503 738 3543 en
756 3503 793 3542 eo
809 3499 1002 3562 argumenta:
1027 3471 1158 3566 naque
1207 3475 1215 3495 ‘

81 3606 85 3612 ·
146 3569 250 3632 ¹rutilae
274 3553 474 3630 Caledonimn
501 3568 697 3630 habitantium
718 3589 823 3644 comae,
847 3569 947 3649 magni
971 3584 1060 3643 artus,
1080 3569 1158 3632 Ger-

156 3655 306 3718 manicam
322 3641 467 3736 origine'm
490 3639 672 3718 asseueralrt.
719 3637 850 3718 Silurur'n
874 3656 997 3718 colorati
1014 3645 1113 3720 vulufs
1126 3667 1158 3717 et
1227 3651 1229 3730 f

157 3732 224 3808 tdrti
240 3741 417 3828 plerumque
440 3742 549 3821 crines,
572 3756 603 3806 et
626 3743 722 3894 pppita
744 3742 850 3807 contri:
872 3741 1030 3826 Hispania,
1053 3723 1167 3806 Ibero(
1224 3838 1227 3848 .
