2514 4318
411 159 465 276 dr*
479 163 861 278 Masinissensium.
1078 213 1141 278 199
1180 247 1181 250 ¹

138 393 277 466 ceptum,
292 377 383 442 etiarn
399 376 627 440 necessitatibus
641 376 793 441 subvenit.
839 375 982 440 Gaudent
993 378 1144 462 praectpub

139 469 332 532 finitimarum
349 465 483 546 gentium
499 462 595 540 donis,
612 485 677 547 que
700 485 759 526 non
781 461 872 526 modo
894 484 912 526 a
933 463 1066 544 singulis,
1090 465 1145 528 sed

140 552 263 638 publice
280 553 456 624 mittuntur:
479 549 567 612 electi
584 550 664 633 equi,
681 571 790 631 magna
806 571 899 626 arma,
921 550 1061 633 phalerae,
1085 566 1146 614 tor-

140 661 289 726 quasque.
334 637 403 700 Jarn
417 651 447 698 et
464 637 621 718 pecuniam
635 636 774 719 accipere
791 636 957 700 docuimus.
1162 624 1188 692 q

186 725 279 790 XVI.
303 723 410 786 Nullas
426 721 648 786 Germanorum
664 721 783 807 populis
806 705 1053 799 urbesfflrabitari
1075 721 1146 786 satis

141 826 247 878 notum
264 826 327 876 est:
352 831 390 872 ne
404 809 463 892 pati
479 809 602 893 quidem
617 809 695 874 inter
710 830 742 871 se
755 807 876 893 junctas
895 808 995 872 sedes.
1031 811 1147 874 Colunt

139 899 263 964 discreti
284 919 319 960 ac
335 895 455 972 diversi,
479 909 511 958 ut
527 895 602 972 sons,
628 909 662 958 ut
683 917 819 978 campus,
846 910 879 958 ut
894 917 1001 960 nemus
1017 897 1144 980 placuit.

142 985 236 1050 Vicus
251 985 361 1059 locant,
378 1005 436 1046 non
453 981 483 1044 in
499 998 632 1048 nostrum
648 1003 775 1058 morem,
790 984 937 1046 connexis
952 997 983 1046 et
994 984 1147 1046 cohaeren·

141 1073 222 1138 tibus
237 1071 385 1142 ¹adificiis:
410 1090 494 1132 snam
511 1069 637 1154 quisque
647 1069 770 1132 domum
786 1070 882 1153 spatio
897 1070 1074 1148 circumdat,
1084 1071 1148 1134 sive

142 1159 288 1223 adversus
303 1177 390 1220 casus
407 1156 481 1236 ignis
497 1156 676 1234 remedium,
687 1155 749 1218 sive
761 1155 878 1220 iuscirid
890 1157 1064 1220 aedificandi.
1097 1155 1148 1222 Ne

141 1260 359 1312 eaemeotorum
376 1243 496 1326 quidem
513 1243 595 1326 apud
617 1243 684 1306 illos
709 1256 760 1306 aut
784 1243 951 1324 tegularum
966 1265 1059 1308 usus:
1083 1265 1147 1309 ma·

144 1331 220 1396 teria
235 1332 272 1396 ad
288 1330 388 1393 omnia
404 1342 525 1392 utuntur
541 1328 658 1392 iulormi
683 1342 714 1392 et
739 1329 813 1392 citra
829 1330 962 1412 speeiem
979 1346 1028 1394 aut
1043 1331 1148 1394 delec-

143 1419 297 1484 tationem.
343 1415 495 1489 Quaedam
511 1415 578 1478 loca
594 1415 765 1497 diligentius
777 1416 893 1480 illinunt
908 1415 998 1493 terris,
1018 1418 1057 1480 ita
1073 1416 1149 1500 purd

144 1527 182 1570 ac
193 1505 385 1590 splendente,
397 1517 430 1564 ut
445 1501 591 1584 picturam
608 1522 644 1564 ao
660 1502 841 1564 lineamenta
856 1501 990 1564 colorum
1004 1503 1146 1566 imitetur.

146 1591 252 1657 Solent
267 1607 298 1652 et
314 1590 522 1652 subterraneos
545 1608 655 1671 specus
679 1588 804 1671 aperire,
829 1608 942 1672 eosque
960 1589 1056 1651 multo
1069 1589 1149 1652 insu·

145 1673 200 1763 per
215 1678 286 1740 fimo
301 1688 437 1748 onerant,
453 1673 614 1754 suffugium
636 1673 737 1758 hyemi
763 1686 794 1735 et
817 1674 1043 1757 receptaculum
1060 1673 1149 1757 frugi·

147 1767 222 1828 bue:
246 1761 315 1846 quia
331 1761 457 1840 rigorem
474 1758 614 1840 frigorum
627 1760 773 1845 ejusmodi
790 1759 864 1824 locis
880 1761 1036 1824 molliunt:
1061 1777 1102 1840 et,
1124 1761 1149 1826 si

147 1850 269 1935 quando
285 1848 377 1912 hostis
403 1845 536 1924 advenit,
561 1861 666 1930 aperta
689 1845 857 1931 populatur,
881 1841 981 1910 abditis
1004 1863 1103 1910 autem
1120 1863 1150 1914 et

148 1935 269 2000 defossa
284 1948 335 1996 aut
358 1934 538 2014 ignorantur,
561 1947 613 1996 aut
628 1953 666 1996 eo
681 1933 745 2018 ipso
761 1931 877 2012 sallunt,
894 1933 975 2020 qudd
991 1935 1151 2020 querenda

148 2035 229 2088 sunt.

193 2106 301 2172 XVII.
325 2105 487 2188 Tegumen
503 2107 642 2172 omnibus
657 2127 773 2188 sagum,
798 2107 900 2184 fibula,
927 2121 989 2185 aut,
1015 2109 1039 2172 si
1064 2109 1150 2187 desit,
1240 2115 1241 2118 ’

145 2195 235 2280 spinis
248 2210 440 2258 consertum:
470 2208 571 2256 cetera
594 2193 696 2258 intecti
719 2208 796 2258 totos
812 2195 876 2257 dies
887 2193 977 2278 juxta
993 2194 1091 2258 locum
1108 2209 1152 2260 at·

149 2303 208 2368 que
220 2282 320 2365 ignem
337 2293 441 2361 agunt.
487 2278 732 2362 Locupletissirni
748 2296 831 2343 veste
844 2281 1074 2362 distinguuntur,
1090 2303 1151 2345 uon

148 2369 295 2443 fluitante,
319 2367 395 2430 sicut
412 2366 556 2430 Sarmatae
573 2387 609 2428 ac
624 2365 740 2444 Parthi,
766 2367 819 2429 sed
843 2366 945 2430 stricta
967 2383 997 2430 et
1019 2368 1151 2450 singulos

148 2471 229 2520 artus
244 2455 446 2537 exprimente.
493 2451 612 2516 Gerunt
624 2467 655 2516 et
671 2452 798 2517 serarum
817 2454 922 2535 pelles,
939 2455 1065 2536 proximi
1081 2456 1151 2540 ripae

149 2543 348 2626 negligenter,
361 2540 516 2603 ulteriores
528 2539 714 2624 exquisitius,
725 2554 757 2603 nt
770 2541 876 2624 quibus
892 2541 990 2605 nullus
1004 2562 1057 2624 per
1068 2563 1152 2606 com·

150 2631 261 2694 mercia
276 2629 385 2690 cultos.
431 2626 557 2708 Eligant
572 2625 659 2704 seras,
684 2641 716 2690 et
739 2626 874 2690 detracta
899 2628 1046 2693 velamina
1070 2650 1153 2713 spar-

151 2729 225 2800 gunt
240 2715 363 2778 maculis
376 2713 561 2797 pellibusque
577 2713 755 2790 belluarum,
772 2735 845 2797 quas
862 2715 993 2777 exterior
1009 2714 1152 2786 Oceanus

151 2818 240 2888 atque
256 2803 390 2883 ignotum
409 2821 491 2862 mare
507 2800 612 2882 gignit.
658 2798 727 2862 Nec
744 2800 819 2862 alius
835 2798 964 2863 soeminis
980 2801 1069 2884 quarn
1084 2802 1152 2864 viris
1240 2843 1241 2848 κ

150 2889 279 2966 habitus,
296 2887 349 2950 nisi
366 2885 445 2970 qnod
463 2885 592 2948 loeminae
607 2885 716 2968 sepitis
731 2885 815 2948 lineis
831 2887 988 2949 amictibus
1006 2889 1152 2964 velantur,
1240 2947 1241 2954 ,

151 2997 264 3060 eosque
292 2971 424 3058 purpurei
446 2973 569 3048 variant,
588 2985 765 3055 partemque
791 2971 914 3036 vestinis
938 2974 1098 3056 superioris
1123 2974 1151 3036 in

152 3063 284 3126 manicas
300 3082 358 3122 non
382 3058 561 3134 extendunt,
584 3059 670 3120 nudae
686 3058 807 3120 brachia
834 3080 868 3121 ac
885 3061 1028 3124 lacertos:
1054 3060 1106 3124 sed
1123 3073 1164 3123 er

154 3148 291 3233 proxima
309 3167 376 3228 pars
394 3145 521 3227 pectoris
538 3157 631 3226 patet.
1212 3151 1219 3160 '

197 3231 319 3296 XVlll.
345 3229 530 3314 Quanquam
546 3251 652 3294 severa
667 3231 727 3294 illic
744 3231 950 3295 matrimonia:
982 3254 1039 3296 nec
1063 3233 1153 3296 ullam

155 3341 273 3385 morum
291 3335 404 3400 partem
429 3313 523 3398 magis
538 3317 726 3381 laudaveris:
749 3340 817 3380 narn
837 3319 929 3402 propia
945 3320 998 3381 soli
1015 3321 1155 3384 barbaro-

153 3430 219 3472 rum
249 3406 373 3486 singulis
399 3405 542 3466 uxoribus
568 3406 700 3478 contenti
727 3421 807 3481 sunt,
832 3405 968 3487 exceptis
992 3406 1153 3468 admodirm

154 3494 268 3580 paucis,
285 3493 334 3576 qui
353 3513 409 3553 nou
427 3490 559 3567 libidine,
571 3492 624 3555 sed
640 3491 678 3554 ob
691 3493 886 3566 nobilitatem,
897 3493 1030 3576 plurimis
1047 3494 1155 3576 nuptiis

154 3581 335 3646 ambiuntur.
382 3578 494 3642 Dotem
511 3601 569 3641 nou
587 3601 665 3642 rixor
689 3572 885 3651 maritodlsed
913 3580 997 3642 uxori
1022 3583 1155 3657 maritae,

154 3668 252 3733 offert.
301 3665 452 3728 lntersunt
469 3681 607 3750 parentes
631 3680 661 3729 et
684 3665 852 3748 propinqui,
880 3687 915 3728 ac
941 3688 1066 3728 munera
1089 3688 1156 3751 pro-

153 3757 245 3822 bant:
268 3775 392 3820 munera
408 3775 467 3816 non
483 3753 521 3816 ad
537 3753 658 3818 delicias
681 3753 842 3817 muliebres
858 3753 990 3838 quaesita,
1015 3775 1072 3816 nec
1092 3753 1157 3838 qui·

118 3875 382 4098 ff
398 3851 997 4042 dljtgfiffimm
1019 3832 1181 4012 aff.

137 3955 1241 4194 manaret
