<?xml version="1.0" encoding="UTF-8"?>
<!DOCTYPE html PUBLIC "-//W3C//DTD XHTML 1.0 Transitional//EN"
    "http://www.w3.org/TR/xhtml1/DTD/xhtml1-transitional.dtd">
<html xmlns="http://www.w3.org/1999/xhtml" xml:lang="en" lang="en">
 <head>
  <title>
</title>
<meta http-equiv="Content-Type" content="text/html;charset=utf-8" />
  <meta name='ocr-system' content='tesseract 3.04.00' />
  <meta name='ocr-capabilities' content='ocr_page ocr_carea ocr_par ocr_line ocrx_word'/>
</head>
<body>
  <div class='ocr_page' id='page_1' title='image "./ccorneliitaciti24tacigoog_0345.png"; bbox 0 0 2484 4316; ppageno 0'>
   <div class='ocr_carea' id='block_1_1' title="bbox 111 295 1116 382">
    <p class='ocr_par' dir='ltr' id='par_1_1' title="bbox 111 295 1116 382">
     <span class='ocr_line' id='line_1_1' title="bbox 111 295 1116 382; baseline -0.001 -18"><span class='ocrx_word' id='word_1_1' title='bbox 111 297 154 364; x_wconf 75' lang='lat' dir='ltr'>A.</span> <span class='ocrx_word' id='word_1_2' title='bbox 170 296 214 363; x_wconf 87' lang='lat' dir='ltr'>C.</span> <span class='ocrx_word' id='word_1_3' title='bbox 229 297 299 382; x_wconf 85' lang='grc'><strong>69.]</strong></span> <span class='ocrx_word' id='word_1_4' title='bbox 395 295 538 363; x_wconf 77' lang='lat' dir='ltr'>Hrsroa.</span> <span class='ocrx_word' id='word_1_5' title='bbox 562 295 638 362; x_wconf 87' lang='lat' dir='ltr'>Lra.</span> <span class='ocrx_word' id='word_1_6' title='bbox 662 295 839 374; x_wconf 76' lang='lat' dir='ltr'>Quaeras.</span> <span class='ocrx_word' id='word_1_7' title='bbox 1054 299 1116 364; x_wconf 81' lang='lat'>165</span> 
     </span>
    </p>
   </div>
   <div class='ocr_carea' id='block_1_2' title="bbox 111 459 1123 3922">
    <p class='ocr_par' dir='ltr' id='par_1_2' title="bbox 111 459 1120 1221">
     <span class='ocr_line' id='line_1_2' title="bbox 111 459 1117 548; baseline 0 -20"><span class='ocrx_word' id='word_1_8' title='bbox 111 477 187 528; x_wconf 78' lang='lat' dir='ltr'>tare</span> <span class='ocrx_word' id='word_1_9' title='bbox 209 461 270 526; x_wconf 78' lang='lat' dir='ltr'>latb</span> <span class='ocrx_word' id='word_1_10' title='bbox 293 461 498 546; x_wconf 79' lang='lat' dir='ltr'><strong>imperitabat:</strong></span> <span class='ocrx_word' id='word_1_11' title='bbox 530 475 632 526; x_wconf 86' lang='lat' dir='ltr'>vetera</span> <span class='ocrx_word' id='word_1_12' title='bbox 648 462 728 547; x_wconf 90' lang='lat' dir='ltr'>apud</span> <span class='ocrx_word' id='word_1_13' title='bbox 745 459 914 525; x_wconf 87' lang='lat' dir='ltr'>Germanos</span> <span class='ocrx_word' id='word_1_14' title='bbox 939 482 1032 538; x_wconf 86' lang='lat' dir='ltr'>more,</span> <span class='ocrx_word' id='word_1_15' title='bbox 1058 485 1117 548; x_wconf 92' lang='lat' dir='ltr'>quo</span> 
     </span>
     <span class='ocr_line' id='line_1_3' title="bbox 113 547 1117 636; baseline -0.002 -22"><span class='ocrx_word' id='word_1_16' title='bbox 113 550 275 636; x_wconf 89' lang='lat' dir='ltr'>plerasque</span> <span class='ocrx_word' id='word_1_17' title='bbox 293 548 480 614; x_wconf 90' lang='lat' dir='ltr'>loeminarum</span> <span class='ocrx_word' id='word_1_18' title='bbox 497 547 640 626; x_wconf 79' lang='lat' dir='ltr'>fatidicas,</span> <span class='ocrx_word' id='word_1_19' title='bbox 650 565 691 626; x_wconf 89' lang='lat' dir='ltr'>et,</span> <span class='ocrx_word' id='word_1_20' title='bbox 704 563 885 632; x_wconf 80' lang='lat' dir='ltr'>augescente</span> <span class='ocrx_word' id='word_1_21' title='bbox 896 549 1117 634; x_wconf 76' lang='lat' dir='ltr'>superstitione,</span> 
     </span>
     <span class='ocr_line' id='line_1_4' title="bbox 113 633 1116 720; baseline -0.001 -19"><span class='ocrx_word' id='word_1_22' title='bbox 113 635 295 701; x_wconf 79' lang='lat' dir='ltr'>arbitrantur</span> <span class='ocrx_word' id='word_1_23' title='bbox 318 636 413 700; x_wconf 89' lang='lat' dir='ltr'>Deas.</span> <span class='ocrx_word' id='word_1_24' title='bbox 458 635 609 720; x_wconf 86' lang='lat' dir='ltr'><strong>Tuncque</strong></span> <span class='ocrx_word' id='word_1_25' title='bbox 631 633 756 699; x_wconf 75' lang='lat' dir='ltr'>Veledae</span> <span class='ocrx_word' id='word_1_26' title='bbox 780 634 940 698; x_wconf 88' lang='lat' dir='ltr'>auctoritas</span> <span class='ocrx_word' id='word_1_27' title='bbox 964 636 1116 700; x_wconf 88' lang='lat' dir='ltr'>adolevit:</span> 
     </span>
     <span class='ocr_line' id='line_1_5' title="bbox 114 721 1120 808; baseline -0.002 -20"><span class='ocrx_word' id='word_1_28' title='bbox 114 745 187 788; x_wconf 89' lang='lat' dir='ltr'>nam</span> <span class='ocrx_word' id='word_1_29' title='bbox 204 730 382 808; x_wconf 88' lang='lat' dir='ltr'>‘prosperas</span> <span class='ocrx_word' id='word_1_30' title='bbox 397 721 558 786; x_wconf 87' lang='lat' dir='ltr'>Germanis</span> <span class='ocrx_word' id='word_1_31' title='bbox 580 744 628 786; x_wconf 89' lang='lat' dir='ltr'>res</span> <span class='ocrx_word' id='word_1_32' title='bbox 645 738 677 786; x_wconf 89' lang='lat' dir='ltr'>et</span> <span class='ocrx_word' id='word_1_33' title='bbox 691 721 842 786; x_wconf 83' lang='lat' dir='ltr'>excidium</span> <span class='ocrx_word' id='word_1_34' title='bbox 858 722 1021 805; x_wconf 87' lang='lat' dir='ltr'>legionum&#39;</span> <span class='ocrx_word' id='word_1_35' title='bbox 1045 743 1120 806; x_wconf 82' lang='lat' dir='ltr'>prae·</span> 
     </span>
     <span class='ocr_line' id='line_1_6' title="bbox 115 808 1119 895; baseline 0.001 -22"><span class='ocrx_word' id='word_1_36' title='bbox 115 809 257 874; x_wconf 87' lang='lat' dir='ltr'>dixerat.&#39;</span> <span class='ocrx_word' id='word_1_37' title='bbox 311 809 373 873; x_wconf 87' lang='lat' dir='ltr'>Sed</span> <span class='ocrx_word' id='word_1_38' title='bbox 404 809 564 895; x_wconf 88' lang='lat' dir='ltr'>Lupercus</span> <span class='ocrx_word' id='word_1_39' title='bbox 588 810 618 872; x_wconf 92' lang='lat' dir='ltr'>in</span> <span class='ocrx_word' id='word_1_40' title='bbox 649 811 754 872; x_wconf 85' lang='lat' dir='ltr'>itinere</span> <span class='ocrx_word' id='word_1_41' title='bbox 785 808 967 875; x_wconf 84' lang='lat' dir='ltr'>interfectus.</span> <span class='ocrx_word' id='word_1_42' title='bbox 1022 809 1119 874; x_wconf 84' lang='lat' dir='ltr'>Pauci</span> 
     </span>
     <span class='ocr_line' id='line_1_7' title="bbox 115 893 1118 981; baseline -0.002 -20"><span class='ocrx_word' id='word_1_43' title='bbox 115 896 339 961; x_wconf 88' lang='lat' dir='ltr'>Centurionum</span> <span class='ocrx_word' id='word_1_44' title='bbox 355 895 630 981; x_wconf 88' lang='lat' dir='ltr'>Tribunorumque,</span> <span class='ocrx_word' id='word_1_45' title='bbox 645 897 674 959; x_wconf 91' lang='lat' dir='ltr'>in</span> <span class='ocrx_word' id='word_1_46' title='bbox 688 893 790 960; x_wconf 79' lang='lat' dir='ltr'>Galliti</span> <span class='ocrx_word' id='word_1_47' title='bbox 804 897 906 980; x_wconf 84' lang='lat' dir='ltr'>geniti,</span> <span class='ocrx_word' id='word_1_48' title='bbox 918 911 1118 974; x_wconf 83' lang='lat' dir='ltr'>reservantur,</span> 
     </span>
     <span class='ocr_line' id='line_1_8' title="bbox 115 982 1120 1068; baseline -0.001 -21"><span class='ocrx_word' id='word_1_49' title='bbox 115 983 225 1068; x_wconf 89' lang='lat' dir='ltr'>pignus</span> <span class='ocrx_word' id='word_1_50' title='bbox 240 983 401 1047; x_wconf 85' lang='lat' dir='ltr'>societatis.</span> <span class='ocrx_word' id='word_1_51' title='bbox 447 982 638 1059; x_wconf 76' lang='lat' dir='ltr'>cohortium,</span> <span class='ocrx_word' id='word_1_52' title='bbox 662 984 787 1060; x_wconf 90' lang='lat' dir='ltr'>alarum,</span> <span class='ocrx_word' id='word_1_53' title='bbox 808 982 959 1066; x_wconf 85' lang='lat' dir='ltr'>legionum</span> <span class='ocrx_word' id='word_1_54' title='bbox 984 983 1120 1067; x_wconf 89' lang='lat' dir='ltr'>hyberna</span> 
     </span>
     <span class='ocr_line' id='line_1_9' title="bbox 114 1069 1118 1156; baseline 0.001 -23"><span class='ocrx_word' id='word_1_55' title='bbox 114 1071 259 1134; x_wconf 88' lang='lat' dir='ltr'>subversa</span> <span class='ocrx_word' id='word_1_56' title='bbox 275 1085 486 1155; x_wconf 90' lang='lat' dir='ltr'>cremataque:</span> <span class='ocrx_word' id='word_1_57' title='bbox 517 1071 552 1134; x_wconf 91' lang='lat' dir='ltr'>iis</span> <span class='ocrx_word' id='word_1_58' title='bbox 566 1069 682 1134; x_wconf 77' lang='lat' dir='ltr'>tantiam</span> <span class='ocrx_word' id='word_1_59' title='bbox 702 1071 824 1149; x_wconf 90' lang='lat' dir='ltr'>relictis,</span> <span class='ocrx_word' id='word_1_60' title='bbox 847 1091 912 1156; x_wconf 85' lang='lat' dir='ltr'>quae</span> <span class='ocrx_word' id='word_1_61' title='bbox 935 1069 1118 1152; x_wconf 78' lang='lat' dir='ltr'>Mogontiaci</span> 
     </span>
     <span class='ocr_line' id='line_1_10' title="bbox 115 1153 523 1221; baseline -0.002 -1"><span class='ocrx_word' id='word_1_62' title='bbox 115 1177 153 1220; x_wconf 88' lang='lat' dir='ltr'>ac</span> <span class='ocrx_word' id='word_1_63' title='bbox 169 1153 358 1220; x_wconf 71' lang='lat' dir='ltr'>Vindonissae</span> <span class='ocrx_word' id='word_1_64' title='bbox 373 1158 429 1221; x_wconf 89' lang='lat' dir='ltr'>sita</span> <span class='ocrx_word' id='word_1_65' title='bbox 444 1171 523 1220; x_wconf 91' lang='lat' dir='ltr'>sunt.</span> 
     </span>
    </p>

    <p class='ocr_par' dir='ltr' id='par_1_3' title="bbox 113 1241 1122 3466">
     <span class='ocr_line' id='line_1_11' title="bbox 159 1241 1118 1328; baseline -0.002 -20"><span class='ocrx_word' id='word_1_66' title='bbox 159 1241 267 1308; x_wconf 86' lang='lat' dir='ltr'><strong>LXII.</strong></span> <span class='ocrx_word' id='word_1_67' title='bbox 292 1243 389 1328; x_wconf 83' lang='lat' dir='ltr'>Legio</span> <span class='ocrx_word' id='word_1_68' title='bbox 403 1243 609 1307; x_wconf 82' lang='lat' dir='ltr'>sextadecima</span> <span class='ocrx_word' id='word_1_69' title='bbox 632 1265 701 1308; x_wconf 90' lang='lat' dir='ltr'>cum</span> <span class='ocrx_word' id='word_1_70' title='bbox 725 1242 844 1307; x_wconf 77' lang='lat' dir='ltr'>auxiliis</span> <span class='ocrx_word' id='word_1_71' title='bbox 866 1243 953 1307; x_wconf 90' lang='lat' dir='ltr'>simul</span> <span class='ocrx_word' id='word_1_72' title='bbox 970 1243 1078 1306; x_wconf 86' lang='lat' dir='ltr'>deditis</span> <span class='ocrx_word' id='word_1_73' title='bbox 1101 1263 1118 1306; x_wconf 90' lang='lat' dir='ltr'>a</span> 
     </span>
     <span class='ocr_line' id='line_1_12' title="bbox 116 1327 1119 1416; baseline 0.002 -24"><span class='ocrx_word' id='word_1_74' title='bbox 116 1327 252 1394; x_wconf 87' lang='lat' dir='ltr'>Novesio</span> <span class='ocrx_word' id='word_1_75' title='bbox 278 1331 307 1393; x_wconf 94' lang='lat' dir='ltr'>in</span> <span class='ocrx_word' id='word_1_76' title='bbox 323 1330 471 1394; x_wconf 89' lang='lat' dir='ltr'>coloniam</span> <span class='ocrx_word' id='word_1_77' title='bbox 487 1329 691 1396; x_wconf 85' lang='lat' dir='ltr'>Treverorum</span> <span class='ocrx_word' id='word_1_78' title='bbox 708 1329 874 1413; x_wconf 83' lang='lat' dir='ltr'>transgredi</span> <span class='ocrx_word' id='word_1_79' title='bbox 887 1327 1020 1416; x_wconf 87' lang='lat' dir='ltr'>jubetur,</span> <span class='ocrx_word' id='word_1_80' title='bbox 1045 1351 1119 1414; x_wconf 82' lang='lat' dir='ltr'>prae-</span> 
     </span>
     <span class='ocr_line' id='line_1_13' title="bbox 114 1414 1118 1502; baseline 0.004 -24"><span class='ocrx_word' id='word_1_81' title='bbox 114 1414 200 1480; x_wconf 77' lang='lat' dir='ltr'>finnt</span> <span class='ocrx_word' id='word_1_82' title='bbox 215 1416 275 1494; x_wconf 88' lang='lat' dir='ltr'>die,</span> <span class='ocrx_word' id='word_1_83' title='bbox 302 1418 378 1480; x_wconf 89' lang='lat' dir='ltr'>intra</span> <span class='ocrx_word' id='word_1_84' title='bbox 404 1439 494 1502; x_wconf 92' lang='lat' dir='ltr'>quam</span> <span class='ocrx_word' id='word_1_85' title='bbox 519 1419 623 1481; x_wconf 89' lang='lat' dir='ltr'>castris</span> <span class='ocrx_word' id='word_1_86' title='bbox 646 1418 822 1481; x_wconf 83' lang='lat' dir='ltr'>excederet.</span> <span class='ocrx_word' id='word_1_87' title='bbox 867 1415 1005 1480; x_wconf 89' lang='lat' dir='ltr'>Medium</span> <span class='ocrx_word' id='word_1_88' title='bbox 1028 1437 1118 1482; x_wconf 89' lang='lat' dir='ltr'>omne</span> 
     </span>
     <span class='ocr_line' id='line_1_14' title="bbox 115 1502 1120 1588; baseline 0.001 -23"><span class='ocrx_word' id='word_1_89' title='bbox 115 1515 237 1588; x_wconf 81' lang='lat' dir='ltr'>tempus</span> <span class='ocrx_word' id='word_1_90' title='bbox 254 1525 308 1588; x_wconf 90' lang='lat' dir='ltr'>per</span> <span class='ocrx_word' id='word_1_91' title='bbox 324 1504 419 1566; x_wconf 89' lang='lat' dir='ltr'>varias</span> <span class='ocrx_word' id='word_1_92' title='bbox 434 1525 522 1567; x_wconf 89' lang='lat' dir='ltr'>curas</span> <span class='ocrx_word' id='word_1_93' title='bbox 538 1502 651 1586; x_wconf 65' lang='lat' dir='ltr'>egere:</span> <span class='ocrx_word' id='word_1_94' title='bbox 675 1503 884 1586; x_wconf 86' lang='lat' dir='ltr'>ignavissimus</span> <span class='ocrx_word' id='word_1_95' title='bbox 900 1504 1036 1588; x_wconf 88' lang='lat' dir='ltr'>quisque,</span> <span class='ocrx_word' id='word_1_96' title='bbox 1063 1525 1120 1566; x_wconf 73' lang='lat' dir='ltr'>caa-</span> 
     </span>
     <span class='ocr_line' id='line_1_15' title="bbox 113 1588 1118 1675; baseline -0.001 -22"><span class='ocrx_word' id='word_1_97' title='bbox 113 1609 216 1653; x_wconf 87' lang='lat' dir='ltr'>sorum</span> <span class='ocrx_word' id='word_1_98' title='bbox 232 1591 313 1672; x_wconf 91' lang='lat' dir='ltr'>apud</span> <span class='ocrx_word' id='word_1_99' title='bbox 325 1588 439 1653; x_wconf 88' lang='lat' dir='ltr'>Vetera</span> <span class='ocrx_word' id='word_1_100' title='bbox 455 1591 609 1673; x_wconf 89' lang='lat' dir='ltr'>exemplo,</span> <span class='ocrx_word' id='word_1_101' title='bbox 622 1605 766 1675; x_wconf 89' lang='lat' dir='ltr'>paventes</span> <span class='ocrx_word' id='word_1_102' title='bbox 778 1611 786 1665; x_wconf 94' lang='lat'>;</span> <span class='ocrx_word' id='word_1_103' title='bbox 809 1589 915 1652; x_wconf 88' lang='lat' dir='ltr'>melior</span> <span class='ocrx_word' id='word_1_104' title='bbox 931 1611 998 1674; x_wconf 92' lang='lat' dir='ltr'>pars</span> <span class='ocrx_word' id='word_1_105' title='bbox 1010 1589 1118 1652; x_wconf 86' lang='lat' dir='ltr'>rubore</span> 
     </span>
     <span class='ocr_line' id='line_1_16' title="bbox 114 1674 1118 1762; baseline 0 -24"><span class='ocrx_word' id='word_1_106' title='bbox 114 1689 148 1739; x_wconf 86' lang='lat' dir='ltr'>at</span> <span class='ocrx_word' id='word_1_107' title='bbox 163 1674 303 1739; x_wconf 72' lang='lat' dir='ltr'>inlamib:</span> <span class='ocrx_word' id='word_1_108' title='bbox 328 1676 436 1760; x_wconf 89' lang='lat' dir='ltr'>‘quale</span> <span class='ocrx_word' id='word_1_109' title='bbox 452 1676 522 1740; x_wconf 93' lang='lat' dir='ltr'>illud</span> <span class='ocrx_word' id='word_1_110' title='bbox 539 1677 616 1739; x_wconf 80' lang='lat' dir='ltr'>iter?</span> <span class='ocrx_word' id='word_1_111' title='bbox 640 1677 705 1762; x_wconf 91' lang='lat' dir='ltr'>quis</span> <span class='ocrx_word' id='word_1_112' title='bbox 721 1676 784 1739; x_wconf 90' lang='lat' dir='ltr'>dux</span> <span class='ocrx_word' id='word_1_113' title='bbox 808 1677 887 1738; x_wconf 79' lang='lat' dir='ltr'>via?</span> <span class='ocrx_word' id='word_1_114' title='bbox 919 1690 949 1738; x_wconf 92' lang='lat' dir='ltr'>et</span> <span class='ocrx_word' id='word_1_115' title='bbox 972 1677 1072 1738; x_wconf 90' lang='lat' dir='ltr'>omnia</span> <span class='ocrx_word' id='word_1_116' title='bbox 1088 1676 1118 1738; x_wconf 90' lang='lat' dir='ltr'>in</span> 
     </span>
     <span class='ocr_line' id='line_1_17' title="bbox 113 1760 1119 1848; baseline 0.001 -24"><span class='ocrx_word' id='word_1_117' title='bbox 113 1761 236 1824; x_wconf 89' lang='lat' dir='ltr'>arbitrio</span> <span class='ocrx_word' id='word_1_118' title='bbox 251 1783 367 1839; x_wconf 90' lang='lat' dir='ltr'>eorum,</span> <span class='ocrx_word' id='word_1_119' title='bbox 384 1783 459 1846; x_wconf 90' lang='lat' dir='ltr'>quos</span> <span class='ocrx_word' id='word_1_120' title='bbox 475 1763 541 1826; x_wconf 86' lang='lat' dir='ltr'>vitae</span> <span class='ocrx_word' id='word_1_121' title='bbox 557 1763 700 1848; x_wconf 89' lang='lat' dir='ltr'>necisque</span> <span class='ocrx_word' id='word_1_122' title='bbox 712 1762 851 1826; x_wconf 91' lang='lat' dir='ltr'>dominos</span> <span class='ocrx_word' id='word_1_123' title='bbox 862 1760 1025 1825; x_wconf 61' lang='lat' dir='ltr'>fecissent?</span> <span class='ocrx_word' id='word_1_124' title='bbox 1047 1761 1119 1840; x_wconf 90' lang='lat' dir='ltr'>Alii,</span> 
     </span>
     <span class='ocr_line' id='line_1_18' title="bbox 117 1846 1120 1934; baseline 0.002 -25"><span class='ocrx_word' id='word_1_125' title='bbox 117 1846 202 1910; x_wconf 72' lang='lat' dir='ltr'>nullia</span> <span class='ocrx_word' id='word_1_126' title='bbox 216 1847 373 1911; x_wconf 89' lang='lat' dir='ltr'>dedecoris</span> <span class='ocrx_word' id='word_1_127' title='bbox 388 1848 472 1925; x_wconf 77' lang='lat' dir='ltr'>curd,</span> <span class='ocrx_word' id='word_1_128' title='bbox 497 1849 669 1934; x_wconf 90' lang='lat' dir='ltr'>pecuniam,</span> <span class='ocrx_word' id='word_1_129' title='bbox 692 1864 742 1913; x_wconf 92' lang='lat' dir='ltr'>aut</span> <span class='ocrx_word' id='word_1_130' title='bbox 767 1848 919 1912; x_wconf 88' lang='lat' dir='ltr'>carissima</span> <span class='ocrx_word' id='word_1_131' title='bbox 942 1848 1120 1934; x_wconf 88' lang='lat' dir='ltr'>sibimetipsi</span> 
     </span>
     <span class='ocr_line' id='line_1_19' title="bbox 115 1933 1119 2023; baseline 0.002 -27"><span class='ocrx_word' id='word_1_132' title='bbox 115 1933 315 1997; x_wconf 86' lang='lat' dir='ltr'>circumdare.</span> <span class='ocrx_word' id='word_1_133' title='bbox 360 1934 495 2010; x_wconf 84' lang='lat' dir='ltr'>Quidam</span> <span class='ocrx_word' id='word_1_134' title='bbox 511 1936 657 2020; x_wconf 88' lang='lat' dir='ltr'>expedire</span> <span class='ocrx_word' id='word_1_135' title='bbox 681 1957 773 2013; x_wconf 91' lang='lat' dir='ltr'>arma,</span> <span class='ocrx_word' id='word_1_136' title='bbox 789 1936 916 2023; x_wconf 89' lang='lat' dir='ltr'>telisque</span> <span class='ocrx_word' id='word_1_137' title='bbox 931 1949 1073 2020; x_wconf 90' lang='lat' dir='ltr'>tanquam</span> <span class='ocrx_word' id='word_1_138' title='bbox 1089 1935 1119 1998; x_wconf 91' lang='lat' dir='ltr'>in</span> 
     </span>
     <span class='ocr_line' id='line_1_20' title="bbox 116 2019 1121 2107; baseline 0.003 -25"><span class='ocrx_word' id='word_1_139' title='bbox 116 2019 213 2083; x_wconf 87' lang='lat' dir='ltr'>aciem</span> <span class='ocrx_word' id='word_1_140' title='bbox 239 2021 365 2103; x_wconf 84' lang='lat' dir='ltr'>accingi.</span> <span class='ocrx_word' id='word_1_141' title='bbox 413 2019 488 2086; x_wconf 81' lang='lat' dir='ltr'>Haec</span> <span class='ocrx_word' id='word_1_142' title='bbox 511 2023 735 2101; x_wconf 88' lang='lat' dir='ltr'>meditantibus,</span> <span class='ocrx_word' id='word_1_143' title='bbox 765 2023 887 2086; x_wconf 83' lang='lat' dir='ltr'>advenit</span> <span class='ocrx_word' id='word_1_144' title='bbox 913 2021 1121 2107; x_wconf 87' lang='lat' dir='ltr'>proficiscendi</span> 
     </span>
     <span class='ocr_line' id='line_1_21' title="bbox 115 2105 1121 2196; baseline 0.003 -27"><span class='ocrx_word' id='word_1_145' title='bbox 115 2105 201 2184; x_wconf 89' lang='lat' dir='ltr'>hora,</span> <span class='ocrx_word' id='word_1_146' title='bbox 225 2109 437 2192; x_wconf 85' lang='lat' dir='ltr'>expectatione</span> <span class='ocrx_word' id='word_1_147' title='bbox 452 2109 572 2173; x_wconf 84' lang='lat' dir='ltr'>tristior.</span> <span class='ocrx_word' id='word_1_148' title='bbox 618 2108 745 2196; x_wconf 84' lang='lat' dir='ltr'>Quippe</span> <span class='ocrx_word' id='word_1_149' title='bbox 760 2110 836 2174; x_wconf 89' lang='lat' dir='ltr'>intra</span> <span class='ocrx_word' id='word_1_150' title='bbox 852 2109 963 2173; x_wconf 86' lang='lat' dir='ltr'>vallum</span> <span class='ocrx_word' id='word_1_151' title='bbox 980 2108 1121 2172; x_wconf 76' lang='lat' dir='ltr'>deformi·</span> 
     </span>
     <span class='ocr_line' id='line_1_22' title="bbox 116 2192 1122 2278; baseline 0.001 -23"><span class='ocrx_word' id='word_1_152' title='bbox 116 2205 162 2255; x_wconf 88' lang='lat' dir='ltr'>tas</span> <span class='ocrx_word' id='word_1_153' title='bbox 179 2192 260 2255; x_wconf 92' lang='lat' dir='ltr'>haud</span> <span class='ocrx_word' id='word_1_154' title='bbox 282 2195 407 2276; x_wconf 87' lang='lat' dir='ltr'>perinde</span> <span class='ocrx_word' id='word_1_155' title='bbox 423 2196 582 2259; x_wconf 77' lang='lat' dir='ltr'>notabilise</span> <span class='ocrx_word' id='word_1_156' title='bbox 608 2197 725 2257; x_wconf 85' lang='lat' dir='ltr'>detexit</span> <span class='ocrx_word' id='word_1_157' title='bbox 739 2197 932 2278; x_wconf 87' lang='lat' dir='ltr'>ignominiam</span> <span class='ocrx_word' id='word_1_158' title='bbox 948 2217 1074 2277; x_wconf 90' lang='lat' dir='ltr'>campus</span> <span class='ocrx_word' id='word_1_159' title='bbox 1090 2207 1122 2257; x_wconf 90' lang='lat' dir='ltr'>et</span> 
     </span>
     <span class='ocr_line' id='line_1_23' title="bbox 116 2277 1121 2364; baseline -0.002 -22"><span class='ocrx_word' id='word_1_160' title='bbox 116 2277 194 2342; x_wconf 88' lang='lat' dir='ltr'>dies.</span> <span class='ocrx_word' id='word_1_161' title='bbox 239 2278 383 2343; x_wconf 82' lang='lat' dir='ltr'>Revulsae</span> <span class='ocrx_word' id='word_1_162' title='bbox 394 2278 612 2364; x_wconf 77' lang='lat' dir='ltr'>imperatorum</span> <span class='ocrx_word' id='word_1_163' title='bbox 629 2281 784 2361; x_wconf 88' lang='lat' dir='ltr'>imagines,</span> <span class='ocrx_word' id='word_1_164' title='bbox 796 2282 942 2343; x_wconf 91' lang='lat' dir='ltr'>inhonora</span> <span class='ocrx_word' id='word_1_165' title='bbox 956 2281 1051 2361; x_wconf 88' lang='lat' dir='ltr'>signa,</span> <span class='ocrx_word' id='word_1_166' title='bbox 1063 2279 1121 2340; x_wconf 86' lang='lat' dir='ltr'>lul·</span> 
     </span>
     <span class='ocr_line' id='line_1_24' title="bbox 116 2363 1120 2448; baseline -0.002 -19"><span class='ocrx_word' id='word_1_167' title='bbox 116 2363 256 2448; x_wconf 82' lang='lat' dir='ltr'>gentibus</span> <span class='ocrx_word' id='word_1_168' title='bbox 271 2365 341 2429; x_wconf 91' lang='lat' dir='ltr'>hinc</span> <span class='ocrx_word' id='word_1_169' title='bbox 356 2367 427 2430; x_wconf 90' lang='lat' dir='ltr'>inde</span> <span class='ocrx_word' id='word_1_170' title='bbox 443 2365 600 2430; x_wconf 88' lang='lat' dir='ltr'>Gallorum</span> <span class='ocrx_word' id='word_1_171' title='bbox 617 2367 757 2429; x_wconf 88' lang='lat' dir='ltr'>vexillis:</span> <span class='ocrx_word' id='word_1_172' title='bbox 781 2366 872 2428; x_wconf 87' lang='lat' dir='ltr'>silens</span> <span class='ocrx_word' id='word_1_173' title='bbox 887 2387 1008 2447; x_wconf 84' lang='lat' dir='ltr'>agmen,</span> <span class='ocrx_word' id='word_1_174' title='bbox 1024 2380 1055 2428; x_wconf 91' lang='lat' dir='ltr'>et</span> <span class='ocrx_word' id='word_1_175' title='bbox 1067 2385 1120 2427; x_wconf 87' lang='lat' dir='ltr'>ve·</span> 
     </span>
     <span class='ocr_line' id='line_1_25' title="bbox 116 2451 1118 2540; baseline 0 -26"><span class='ocrx_word' id='word_1_176' title='bbox 116 2451 162 2514; x_wconf 94' lang='lat' dir='ltr'>lut</span> <span class='ocrx_word' id='word_1_177' title='bbox 176 2451 273 2540; x_wconf 62' lang='lat' dir='ltr'>longa</span> <span class='ocrx_word' id='word_1_178' title='bbox 295 2454 455 2537; x_wconf 78' lang='lat' dir='ltr'>exequie:</span> <span class='ocrx_word' id='word_1_179' title='bbox 478 2453 541 2515; x_wconf 90' lang='lat' dir='ltr'>dux</span> <span class='ocrx_word' id='word_1_180' title='bbox 557 2451 705 2516; x_wconf 89' lang='lat' dir='ltr'>Claudius</span> <span class='ocrx_word' id='word_1_181' title='bbox 721 2451 861 2529; x_wconf 90' lang='lat' dir='ltr'>Sanctus,</span> <span class='ocrx_word' id='word_1_182' title='bbox 878 2451 989 2514; x_wconf 88' lang='lat' dir='ltr'>effosso</span> <span class='ocrx_word' id='word_1_183' title='bbox 1010 2451 1118 2514; x_wconf 90' lang='lat' dir='ltr'>oculo:</span> 
     </span>
     <span class='ocr_line' id='line_1_26' title="bbox 115 2536 1121 2622; baseline 0 -22"><span class='ocrx_word' id='word_1_184' title='bbox 115 2537 199 2601; x_wconf 89' lang='lat' dir='ltr'>dirus</span> <span class='ocrx_word' id='word_1_185' title='bbox 226 2559 290 2614; x_wconf 91' lang='lat' dir='ltr'>ore,</span> <span class='ocrx_word' id='word_1_186' title='bbox 315 2539 436 2620; x_wconf 90' lang='lat' dir='ltr'>iugenio</span> <span class='ocrx_word' id='word_1_187' title='bbox 462 2538 599 2600; x_wconf 88' lang='lat' dir='ltr'>debilior.</span> <span class='ocrx_word' id='word_1_188' title='bbox 644 2538 827 2622; x_wconf 90' lang='lat' dir='ltr'>Duplioatur</span> <span class='ocrx_word' id='word_1_189' title='bbox 853 2536 1010 2618; x_wconf 88' lang='lat' dir='ltr'>flagitium,</span> <span class='ocrx_word' id='word_1_190' title='bbox 1038 2549 1121 2621; x_wconf 89' lang='lat' dir='ltr'>post·</span> 
     </span>
     <span class='ocr_line' id='line_1_27' title="bbox 115 2623 1122 2708; baseline 0.002 -24"><span class='ocrx_word' id='word_1_191' title='bbox 115 2643 219 2708; x_wconf 89' lang='lat' dir='ltr'>quam,</span> <span class='ocrx_word' id='word_1_192' title='bbox 235 2624 360 2686; x_wconf 86' lang='lat' dir='ltr'>desertis</span> <span class='ocrx_word' id='word_1_193' title='bbox 376 2623 591 2687; x_wconf 89' lang='lat' dir='ltr'>Bonnensibus</span> <span class='ocrx_word' id='word_1_194' title='bbox 605 2625 720 2700; x_wconf 90' lang='lat' dir='ltr'>castris,</span> <span class='ocrx_word' id='word_1_195' title='bbox 733 2625 827 2686; x_wconf 88' lang='lat' dir='ltr'>altera</span> <span class='ocrx_word' id='word_1_196' title='bbox 841 2643 874 2686; x_wconf 89' lang='lat' dir='ltr'>se</span> <span class='ocrx_word' id='word_1_197' title='bbox 897 2623 977 2704; x_wconf 88' lang='lat' dir='ltr'>legio</span> <span class='ocrx_word' id='word_1_198' title='bbox 993 2624 1122 2686; x_wconf 87' lang='lat' dir='ltr'>miscue-</span> 
     </span>
     <span class='ocr_line' id='line_1_28' title="bbox 115 2707 1121 2793; baseline -0.002 -20"><span class='ocrx_word' id='word_1_199' title='bbox 115 2721 175 2774; x_wconf 88' lang='lat' dir='ltr'>rat.</span> <span class='ocrx_word' id='word_1_200' title='bbox 214 2707 267 2785; x_wconf 86' lang='lat' dir='ltr'>Et,</span> <span class='ocrx_word' id='word_1_201' title='bbox 280 2708 403 2793; x_wconf 71' lang='lat' dir='ltr'>vulgati</span> <span class='ocrx_word' id='word_1_202' title='bbox 413 2726 567 2793; x_wconf 89' lang='lat' dir='ltr'>captarum</span> <span class='ocrx_word' id='word_1_203' title='bbox 578 2711 730 2793; x_wconf 89' lang='lat' dir='ltr'>legionum</span> <span class='ocrx_word' id='word_1_204' title='bbox 743 2708 833 2786; x_wconf 72' lang='lat' dir='ltr'>lamb,</span> <span class='ocrx_word' id='word_1_205' title='bbox 846 2709 958 2786; x_wconf 86' lang='lat' dir='ltr'>cuncti,</span> <span class='ocrx_word' id='word_1_206' title='bbox 969 2710 1018 2793; x_wconf 90' lang='lat' dir='ltr'>qui</span> <span class='ocrx_word' id='word_1_207' title='bbox 1031 2708 1121 2793; x_wconf 88' lang='lat' dir='ltr'>pauld</span> 
     </span>
     <span class='ocr_line' id='line_1_29' title="bbox 118 2795 1121 2880; baseline -0.002 -20"><span class='ocrx_word' id='word_1_208' title='bbox 118 2795 188 2860; x_wconf 76' lang='lat' dir='ltr'>ante</span> <span class='ocrx_word' id='word_1_209' title='bbox 207 2795 416 2859; x_wconf 88' lang='lat' dir='ltr'>Romanorum</span> <span class='ocrx_word' id='word_1_210' title='bbox 433 2817 544 2859; x_wconf 92' lang='lat' dir='ltr'>nomen</span> <span class='ocrx_word' id='word_1_211' title='bbox 560 2797 731 2872; x_wconf 89' lang='lat' dir='ltr'>horrebant,</span> <span class='ocrx_word' id='word_1_212' title='bbox 747 2808 958 2880; x_wconf 88' lang='lat' dir='ltr'>procurrentes</span> <span class='ocrx_word' id='word_1_213' title='bbox 980 2815 1020 2858; x_wconf 89' lang='lat' dir='ltr'>ex</span> <span class='ocrx_word' id='word_1_214' title='bbox 1044 2795 1121 2876; x_wconf 84' lang='lat' dir='ltr'>agris</span> 
     </span>
     <span class='ocr_line' id='line_1_30' title="bbox 116 2881 1121 2967; baseline -0.004 -19"><span class='ocrx_word' id='word_1_215' title='bbox 116 2882 264 2965; x_wconf 83' lang='lat' dir='ltr'>tactisque</span> <span class='ocrx_word' id='word_1_216' title='bbox 284 2897 315 2946; x_wconf 91' lang='lat' dir='ltr'>et</span> <span class='ocrx_word' id='word_1_217' title='bbox 328 2882 462 2967; x_wconf 92' lang='lat' dir='ltr'>undique</span> <span class='ocrx_word' id='word_1_218' title='bbox 475 2883 561 2945; x_wconf 86' lang='lat' dir='ltr'>effusi</span> <span class='ocrx_word' id='word_1_219' title='bbox 577 2883 695 2946; x_wconf 89' lang='lat' dir='ltr'>insolito</span> <span class='ocrx_word' id='word_1_220' title='bbox 710 2881 886 2966; x_wconf 89' lang='lat' dir='ltr'>spectaculo</span> <span class='ocrx_word' id='word_1_221' title='bbox 901 2881 1025 2944; x_wconf 84' lang='lat' dir='ltr'>nimirim</span> <span class='ocrx_word' id='word_1_222' title='bbox 1042 2881 1121 2944; x_wconf 88' lang='lat' dir='ltr'>sruc-</span> 
     </span>
     <span class='ocr_line' id='line_1_31' title="bbox 118 2967 1120 3051; baseline -0.001 -19"><span class='ocrx_word' id='word_1_223' title='bbox 118 2968 236 3032; x_wconf 88' lang='lat' dir='ltr'>bautur.</span> <span class='ocrx_word' id='word_1_224' title='bbox 281 2967 351 3031; x_wconf 93' lang='lat' dir='ltr'>Non</span> <span class='ocrx_word' id='word_1_225' title='bbox 369 2969 435 3034; x_wconf 92' lang='lat' dir='ltr'>tulit</span> <span class='ocrx_word' id='word_1_226' title='bbox 450 2969 496 3031; x_wconf 89' lang='lat' dir='ltr'>ala</span> <span class='ocrx_word' id='word_1_227' title='bbox 508 2968 667 3032; x_wconf 88' lang='lat' dir='ltr'>Picentina</span> <span class='ocrx_word' id='word_1_228' title='bbox 679 2969 821 3050; x_wconf 86' lang='lat' dir='ltr'>gaudium</span> <span class='ocrx_word' id='word_1_229' title='bbox 837 2967 1004 3030; x_wconf 90' lang='lat' dir='ltr'>insultantis</span> <span class='ocrx_word' id='word_1_230' title='bbox 1021 2967 1120 3051; x_wconf 76' lang='lat' dir='ltr'>vulgis</span> 
     </span>
     <span class='ocr_line' id='line_1_32' title="bbox 117 3052 1121 3140; baseline -0.004 -20"><span class='ocrx_word' id='word_1_231' title='bbox 117 3055 285 3140; x_wconf 85' lang='lat' dir='ltr'>spretisque</span> <span class='ocrx_word' id='word_1_232' title='bbox 299 3054 402 3118; x_wconf 91' lang='lat' dir='ltr'>Sancti</span> <span class='ocrx_word' id='word_1_233' title='bbox 417 3055 568 3139; x_wconf 88' lang='lat' dir='ltr'>promissis</span> <span class='ocrx_word' id='word_1_234' title='bbox 580 3069 631 3118; x_wconf 90' lang='lat' dir='ltr'>aut</span> <span class='ocrx_word' id='word_1_235' title='bbox 642 3055 740 3132; x_wconf 91' lang='lat' dir='ltr'>minis,</span> <span class='ocrx_word' id='word_1_236' title='bbox 753 3052 980 3138; x_wconf 86' lang='lat' dir='ltr'>Magontiacum</span> <span class='ocrx_word' id='word_1_237' title='bbox 993 3053 1121 3116; x_wconf 85' lang='lat' dir='ltr'>abeunt:</span> 
     </span>
     <span class='ocr_line' id='line_1_33' title="bbox 117 3138 1121 3225; baseline -0.003 -19"><span class='ocrx_word' id='word_1_238' title='bbox 117 3162 156 3206; x_wconf 84' lang='lat' dir='ltr'>ec</span> <span class='ocrx_word' id='word_1_239' title='bbox 171 3139 248 3206; x_wconf 81' lang='lat' dir='ltr'>sorte</span> <span class='ocrx_word' id='word_1_240' title='bbox 270 3141 360 3204; x_wconf 86' lang='lat' dir='ltr'>obvio</span> <span class='ocrx_word' id='word_1_241' title='bbox 384 3141 572 3206; x_wconf 82' lang='lat' dir='ltr'>interfectore</span> <span class='ocrx_word' id='word_1_242' title='bbox 587 3139 724 3221; x_wconf 80' lang='lat' dir='ltr'>Vocula,</span> <span class='ocrx_word' id='word_1_243' title='bbox 749 3139 898 3224; x_wconf 89' lang='lat' dir='ltr'>Longino,</span> <span class='ocrx_word' id='word_1_244' title='bbox 924 3138 1068 3225; x_wconf 88' lang='lat' dir='ltr'>conjectis</span> <span class='ocrx_word' id='word_1_245' title='bbox 1091 3140 1121 3203; x_wconf 90' lang='lat' dir='ltr'>in</span> 
     </span>
     <span class='ocr_line' id='line_1_34' title="bbox 118 3225 1120 3313; baseline -0.004 -21"><span class='ocrx_word' id='word_1_246' title='bbox 118 3249 190 3292; x_wconf 88' lang='lat' dir='ltr'>eum</span> <span class='ocrx_word' id='word_1_247' title='bbox 212 3227 290 3305; x_wconf 86' lang='lat' dir='ltr'>telis,</span> <span class='ocrx_word' id='word_1_248' title='bbox 314 3229 429 3292; x_wconf 92' lang='lat' dir='ltr'>initium</span> <span class='ocrx_word' id='word_1_249' title='bbox 445 3227 638 3292; x_wconf 77' lang='lat' dir='ltr'>exsolvenda</span> <span class='ocrx_word' id='word_1_250' title='bbox 664 3229 695 3292; x_wconf 91' lang='lat' dir='ltr'>in</span> <span class='ocrx_word' id='word_1_251' title='bbox 722 3242 876 3313; x_wconf 90' lang='lat' dir='ltr'>posterum</span> <span class='ocrx_word' id='word_1_252' title='bbox 896 3227 992 3311; x_wconf 79' lang='lat' dir='ltr'>culpa</span> <span class='ocrx_word' id='word_1_253' title='bbox 1008 3225 1120 3290; x_wconf 70' lang='lat' dir='ltr'>secere.</span> 
     </span>
     <span class='ocr_line' id='line_1_35' title="bbox 119 3312 1120 3398; baseline -0.002 -19"><span class='ocrx_word' id='word_1_254' title='bbox 119 3313 283 3398; x_wconf 84' lang='lat' dir='ltr'>Legiones,</span> <span class='ocrx_word' id='word_1_255' title='bbox 310 3315 383 3378; x_wconf 90' lang='lat' dir='ltr'>nihil</span> <span class='ocrx_word' id='word_1_256' title='bbox 406 3329 521 3381; x_wconf 89' lang='lat' dir='ltr'>mutato</span> <span class='ocrx_word' id='word_1_257' title='bbox 543 3313 661 3392; x_wconf 86' lang='lat' dir='ltr'>itinere,</span> <span class='ocrx_word' id='word_1_258' title='bbox 685 3332 754 3381; x_wconf 87' lang='lat' dir='ltr'>ante</span> <span class='ocrx_word' id='word_1_259' title='bbox 781 3313 891 3379; x_wconf 87' lang='lat' dir='ltr'>moenie</span> <span class='ocrx_word' id='word_1_260' title='bbox 914 3312 1120 3377; x_wconf 85' lang='lat' dir='ltr'>Treverorum</span> 
     </span>
     <span class='ocr_line' id='line_1_36' title="bbox 118 3401 290 3466; baseline -0.017 0"><span class='ocrx_word' id='word_1_261' title='bbox 118 3401 290 3466; x_wconf 88' lang='lat' dir='ltr'>considunt.</span> 
     </span>
    </p>

    <p class='ocr_par' dir='ltr' id='par_1_4' title="bbox 117 3485 1123 3922">
     <span class='ocr_line' id='line_1_37' title="bbox 163 3485 1120 3565; baseline -0.002 -14"><span class='ocrx_word' id='word_1_262' title='bbox 163 3485 289 3551; x_wconf 91' lang='lat' dir='ltr'>LXlll.</span> <span class='ocrx_word' id='word_1_263' title='bbox 312 3485 420 3550; x_wconf 86' lang='lat' dir='ltr'>Civilis</span> <span class='ocrx_word' id='word_1_264' title='bbox 436 3501 466 3551; x_wconf 88' lang='lat' dir='ltr'>et</span> <span class='ocrx_word' id='word_1_265' title='bbox 482 3487 647 3565; x_wconf 90' lang='lat' dir='ltr'>Classicus,</span> <span class='ocrx_word' id='word_1_266' title='bbox 670 3489 760 3553; x_wconf 89' lang='lat' dir='ltr'>rebus</span> <span class='ocrx_word' id='word_1_267' title='bbox 775 3489 915 3553; x_wconf 90' lang='lat' dir='ltr'>secundis</span> <span class='ocrx_word' id='word_1_268' title='bbox 937 3487 1056 3564; x_wconf 88' lang='lat' dir='ltr'>sublati,</span> <span class='ocrx_word' id='word_1_269' title='bbox 1082 3505 1120 3549; x_wconf 89' lang='lat' dir='ltr'>aa</span> 
     </span>
     <span class='ocr_line' id='line_1_38' title="bbox 119 3572 1123 3658; baseline -0.003 -20"><span class='ocrx_word' id='word_1_270' title='bbox 119 3572 281 3638; x_wconf 89' lang='lat' dir='ltr'>Coloniam</span> <span class='ocrx_word' id='word_1_271' title='bbox 299 3573 552 3658; x_wconf 85' lang='lat' dir='ltr'>Agrippinensem</span> <span class='ocrx_word' id='word_1_272' title='bbox 569 3575 764 3658; x_wconf 86' lang='lat' dir='ltr'>diripiendam</span> <span class='ocrx_word' id='word_1_273' title='bbox 781 3575 963 3639; x_wconf 90' lang='lat' dir='ltr'>exercitibus</span> <span class='ocrx_word' id='word_1_274' title='bbox 977 3575 1038 3636; x_wconf 92' lang='lat' dir='ltr'>suis</span> <span class='ocrx_word' id='word_1_275' title='bbox 1055 3593 1123 3657; x_wconf 89' lang='lat' dir='ltr'>per·</span> 
     </span>
     <span class='ocr_line' id='line_1_39' title="bbox 118 3657 1121 3746; baseline -0.004 -21"><span class='ocrx_word' id='word_1_276' title='bbox 118 3661 284 3739; x_wconf 83' lang='lat' dir='ltr'>mitterent,</span> <span class='ocrx_word' id='word_1_277' title='bbox 304 3659 492 3724; x_wconf 66' lang='lat' dir='ltr'>dubitavere.</span> <span class='ocrx_word' id='word_1_278' title='bbox 537 3660 660 3724; x_wconf 68' lang='lat' dir='ltr'>Saevitia</span> <span class='ocrx_word' id='word_1_279' title='bbox 674 3661 784 3745; x_wconf 86' lang='lat' dir='ltr'>ingenii</span> <span class='ocrx_word' id='word_1_280' title='bbox 807 3675 838 3725; x_wconf 89' lang='lat' dir='ltr'>et</span> <span class='ocrx_word' id='word_1_281' title='bbox 856 3660 999 3746; x_wconf 85' lang='lat' dir='ltr'>cupidine</span> <span class='ocrx_word' id='word_1_282' title='bbox 1016 3657 1121 3744; x_wconf 77' lang='lat' dir='ltr'>praede</span> 
     </span>
     <span class='ocr_line' id='line_1_40' title="bbox 118 3746 1122 3824; baseline -0.002 -12"><span class='ocrx_word' id='word_1_283' title='bbox 118 3747 158 3812; x_wconf 89' lang='lat' dir='ltr'>ad</span> <span class='ocrx_word' id='word_1_284' title='bbox 174 3747 327 3812; x_wconf 85' lang='lat' dir='ltr'>excidium</span> <span class='ocrx_word' id='word_1_285' title='bbox 351 3747 479 3811; x_wconf 87' lang='lat' dir='ltr'>civitatis</span> <span class='ocrx_word' id='word_1_286' title='bbox 503 3747 717 3810; x_wconf 85' lang='lat' dir='ltr'>trahebantur:</span> <span class='ocrx_word' id='word_1_287' title='bbox 741 3747 878 3812; x_wconf 90' lang='lat' dir='ltr'>obstabat</span> <span class='ocrx_word' id='word_1_288' title='bbox 893 3748 968 3812; x_wconf 90' lang='lat' dir='ltr'>ratio</span> <span class='ocrx_word' id='word_1_289' title='bbox 983 3746 1065 3824; x_wconf 88' lang='lat' dir='ltr'>belli,</span> <span class='ocrx_word' id='word_1_290' title='bbox 1090 3758 1122 3810; x_wconf 86' lang='lat' dir='ltr'>et</span> 
     </span>
     <span class='ocr_line' id='line_1_41' title="bbox 117 3829 1122 3922; baseline -0.006 -22"><span class='ocrx_word' id='word_1_291' title='bbox 117 3855 232 3900; x_wconf 85' lang='lat' dir='ltr'>aarum</span> <span class='ocrx_word' id='word_1_292' title='bbox 248 3833 414 3922; x_wconf 89' lang='lat' dir='ltr'>Imperium</span> <span class='ocrx_word' id='word_1_293' title='bbox 430 3833 639 3899; x_wconf 88' lang='lat' dir='ltr'>inchoantibus</span> <span class='ocrx_word' id='word_1_294' title='bbox 662 3835 742 3900; x_wconf 88' lang='lat' dir='ltr'>utilis</span> <span class='ocrx_word' id='word_1_295' title='bbox 755 3834 923 3900; x_wconf 83' lang='lat' dir='ltr'>clementie</span> <span class='ocrx_word' id='word_1_296' title='bbox 938 3833 1029 3904; x_wconf 86' lang='lat' dir='ltr'>sama.</span> <span class='ocrx_word' id='word_1_297' title='bbox 1066 3829 1122 3896; x_wconf 89' lang='lat' dir='ltr'>Ci-</span> 
     </span>
    </p>
   </div>
   <div class='ocr_carea' id='block_1_3' title="bbox 0 0 1253 4316">
    <p class='ocr_par' dir='ltr' id='par_1_5' title="bbox 0 0 1253 4316">
     <span class='ocr_line' id='line_1_42' title="bbox 0 0 1253 4316; baseline 0 0"><span class='ocrx_word' id='word_1_298' title='bbox 0 0 1253 4316; x_wconf 95' lang='lat' dir='ltr'> </span> 
     </span>
    </p>
   </div>
  </div>
 </body>
</html>
