2560 4258
122 223 162 288 16
460 219 501 284 C.
525 219 635 286 Gonu.
657 219 783 286 Taeter
916 223 971 307 [A.
986 221 1029 289 U.
1046 225 1123 290 EQ.

119 397 274 468 suggestu,
286 383 315 448 in
332 405 393 468 quo
408 382 500 468 paulb
515 384 585 448 ante
601 406 692 450 aurea
708 383 815 448 Galbe
829 397 927 450 statua
943 385 1049 465 luerat,
1059 407 1126 450 me·

122 473 204 536 diurn
234 472 311 536 iuter
339 473 424 552 sigua
450 469 606 534 Othonem
632 473 750 536 vexillis
776 473 1008 536 circumdarent.
1054 473 1128 538 Nec

123 557 267 624 Tribunis
282 571 333 621 eut
347 557 581 620 Centurionibus
597 559 728 622 adeundi
744 559 847 622 locus:
871 561 1023 642 gregarius
1038 560 1128 624 miles

122 646 223 712 caveri
240 645 361 728 iusuper
388 644 563 727 prepositos
573 644 711 730 jubebat.
758 644 902 729 Strepere
928 661 1037 710 cuncta
1063 647 1129 710 cla·

124 732 256 796 moribus
282 745 314 794 et
336 730 466 794 tumultu
482 745 513 794 et
528 731 740 794 exhortatione
756 731 872 809 mutuis,
897 754 956 796 non
982 747 1129 818 tanquam

124 820 155 884 io
171 817 284 902 populo
299 838 335 880 ac
352 817 452 900 plebe,
469 817 556 880 variis
571 819 656 898 segni
672 817 844 882 adulatione
861 819 998 896 vocibus,
1013 819 1079 896 sed,
1096 832 1132 882 ut

126 923 278 990 quemque
294 903 480 974 affluentium
503 904 631 968 militum
655 918 849 988 aspexerant,
874 924 1017 987 prensare
1033 907 1130 968 mani·

127 993 193 1068 bus,
208 989 371 1074 complecti
388 990 491 1068 armis,
499 990 648 1054 collocare
660 989 760 1076 juxta,
774 991 878 1074 preire
892 990 1130 1069 sacramentum‘,

125 1077 217 1142 modo
246 1076 464 1160 Imperatorem
495 1077 648 1152 militibus,
683 1077 777 1140 modu
808 1076 986 1161 Imperatori
1016 1079 1128 1142 milites

126 1163 352 1230 commendare.
399 1161 467 1226 Nec
483 1163 587 1226 deerat
602 1163 698 1242 Otho,
724 1165 907 1246 protendens
923 1185 1040 1240 manus,
1055 1165 1131 1228 ado-

126 1273 192 1315 rare
209 1251 343 1329 vulgum,
354 1248 458 1334 jacere
473 1250 586 1326 oscula,
599 1265 630 1314 et
645 1251 746 1314 omnia
760 1251 909 1314 serviliter
924 1272 978 1335 pro
992 1250 1131 1314 domina·

126 1338 219 1402 tione.
265 1337 432 1421 Postquam
449 1337 588 1399 universa
602 1337 793 1400 classicorum
810 1337 890 1418 legio
904 1351 1129 1400 sacramentum

127 1422 192 1509 ejus
208 1423 324 1506 accepit
333 1444 341 1500 ;
364 1423 460 1486 fidens
476 1423 596 1499 viribus,
620 1437 662 1499 et,
683 1445 758 1507 quos
773 1423 872 1486 adbuc
887 1423 1020 1505 singulos
1035 1425 1131 1486 exsti·

126 1509 305 1587 mulaverat,
330 1509 540 1574 accendendos
563 1510 770 1574 incommune
786 1525 880 1588 ratus,
900 1531 954 1594 pro
970 1510 1049 1574 vallo
1062 1530 1130 1574 cas·

127 1611 239 1662 trorum
256 1597 297 1658 ita
311 1597 424 1680 coepit:

171 1681 351 1748 XXXVII.
375 1681 476 1757 ‘Quis
491 1682 528 1746 ad
546 1705 599 1746 vos
615 1683 824 1768 processerim,
835 1683 1068 1760 commilitones,
1084 1681 1130 1746 di-

126 1791 196 1836 cere
219 1793 279 1834 non
295 1791 436 1853 possum:
462 1770 531 1854 quia
546 1791 603 1834 neo
627 1771 776 1854 privatum
795 1791 844 1832 roe
861 1790 969 1834 vocare
983 1770 1130 1845 sustineo,

127 1856 277 1940 Princeps
307 1877 324 1918 a
355 1856 439 1918 vobis
465 1856 654 1934 nominatus;
685 1878 743 1920 neo
769 1855 956 1940 Principem,
985 1855 1044 1920 alio
1073 1855 1130 1918 im·

127 1957 265 2028 perante.
315 1938 457 2004 Vestrum
480 1961 600 2024 quoque
623 1963 734 2004 nomeu
757 1943 786 2004 in
809 1943 924 2006 incerto
941 1942 1008 2020 erit,
1031 1941 1130 2006 donec
1240 2007 1241 2015 χ

129 2028 324 2103 dubitabitur,
354 2025 571 2108 Imperatorem
596 2025 707 2110 Populi
732 2025 864 2092 Romani
894 2028 1064 2104 incastris,
1090 2048 1129 2090 an

128 2116 247 2180 hostem
265 2113 410 2176 babeatis.
457 2110 629 2189 Auditisoe,
653 2129 685 2175 ut
706 2133 797 2196 poena
813 2135 880 2178 mea
900 2129 932 2178 et
946 2113 1129 2200 supplicium

129 2215 262 2268 vestrum
286 2198 374 2264 simul
399 2198 608 2282 postulentur?
632 2198 709 2262 adcb
733 2200 924 2268 manifestum
948 2215 1006 2278 est,
1029 2221 1130 2286 neque

129 2289 227 2372 perire
243 2308 308 2364 nos,
325 2305 424 2369 neque
439 2287 538 2350 salvos
554 2307 632 2365 esse,
650 2287 704 2351 nisi
727 2286 798 2363 uoti,
823 2309 922 2372 posse.
969 2287 1022 2364 Et,
1044 2287 1130 2373 cujus

128 2375 259 2440 lenitatis
275 2387 320 2436 est
336 2369 447 2450 Galba,
459 2371 522 2472 jam
536 2372 657 2437 sortasse
674 2375 825 2457 promisit:
849 2389 883 2436 ut
899 2375 961 2458 qui,
977 2373 1060 2438 nullo
1075 2395 1131 2438 ex·

128 2475 285 2546 poscente,
302 2473 346 2524 tot
358 2460 450 2522 millia
463 2461 772 2524 innocentissimorum
785 2461 912 2524 militum
925 2461 1129 2527 trucidaverit.

131 2547 247 2612 Horror
262 2548 394 2612 animum
410 2546 500 2622 subit,
519 2547 657 2630 quotiens
672 2546 812 2610 recordor
827 2547 950 2610 feralem
966 2548 1130 2624 introitum,

129 2649 161 2700 et
177 2635 255 2698 hanc
270 2634 364 2696 solam
382 2631 488 2696 Galbe
504 2633 670 2709 victoriam,
692 2632 774 2708 oiim,
798 2633 828 2696 in
851 2633 947 2699 oculis
961 2633 1053 2710 urhis,
1077 2633 1131 2696 de-

128 2722 243 2788 cumari
258 2720 377 2784 deditos
395 2718 528 2804 juberet,
555 2741 630 2802 quos
652 2720 851 2802 deprecantes
875 2719 903 2784 iu
927 2719 1017 2784 fidem
1043 2740 1131 2784 aece-

129 2822 226 2894 perat.
272 2805 331 2870 His
354 2806 494 2888 auspiciis
517 2805 621 2870 urbem
646 2807 807 2885 ingressus,
832 2827 922 2890 quem
944 2806 1069 2889 gloriam
1092 2806 1130 2868 ad
1243 2825 1244 2832 ¹

129 2895 338 2978 Principaturo
355 2893 464 2968 attulit,
476 2893 531 2954 nisi
543 2893 633 2956 occisi
646 2891 817 2956 Obultronii
834 2891 936 2956 Sabini
952 2907 983 2955 et
995 2891 1131 2956 Cornelii

130 2981 270 3046 Marcelli
294 2982 323 3042 in
347 2977 507 3061 Hispanih,
534 2977 627 3040 Betui
653 2976 792 3042 Chilonis
818 2979 847 3042 in
871 2977 982 3056 Galliis,
1009 2977 1131 3044 Fonteii

130 3067 290 3152 Capitonis
314 3067 343 3128 in
371 3064 547 3141 Germanii,
564 3064 665 3128 Clodii
682 3063 779 3128 Macri
802 3065 830 3128 in
854 3064 968 3142 Alricai,
991 3065 1131 3146 Cingonii
1239 3128 1241 3135 ,

131 3156 162 3220 iu
187 3153 245 3230 vie,
270 3151 438 3234 Turpiliani
462 3153 491 3214 iu
513 3151 596 3227 urbe,
624 3149 803 3234 Nymphidii
828 3151 1005 3216 incastris?
1051 3149 1131 3226 Quae

131 3262 259 3325 usquam
278 3239 440 3322 provincia,
464 3259 529 3321 quae
544 3251 641 3300 castra
656 3252 736 3312 sunt,
757 3239 811 3302 nisi
834 3251 958 3302 cruenta
980 3252 1012 3302 et
1029 3260 1133 3302 macu-

131 3329 212 3392 lata?
236 3340 298 3401 aut,
314 3339 347 3386 ut
363 3325 427 3406 ipse
448 3325 600 3406 praedicat,
615 3324 775 3386 emendata
791 3339 821 3387 et
835 3327 992 3388 correcta?
1038 3323 1131 3398 Nam,

133 3436 198 3498 quae
214 3412 263 3474 alii
278 3411 403 3486 scelera,
421 3411 469 3472 bic
485 3411 618 3472 remedia
635 3425 743 3474 vocat:
768 3411 839 3472 dum
855 3410 935 3475 salsis
951 3411 1131 3488 nominibus,

131 3500 323 3564 severitatem
341 3519 394 3580 pro
410 3496 533 3573 saevitia,
561 3497 774 3580 parcimoniam
792 3519 846 3582 pro
861 3497 996 3575 avaritia,
1016 3500 1132 3583 suppli-

130 3588 177 3651 cia
194 3601 223 3648 et
239 3585 436 3647 contumelias
453 3599 576 3659 vestras,
602 3583 789 3667 disciplinam
813 3584 957 3667 appellat.
1003 3584 1130 3668 Septem

130 3695 149 3738 a
172 3671 303 3736 Neronis
327 3671 385 3732 line
408 3691 527 3734 menses
551 3683 631 3744 suut,
654 3685 685 3732 et
710 3670 774 3756 jam
802 3671 869 3754 plus
895 3670 993 3754 rapuit
1019 3669 1130 3749 Icelus,

131 3758 222 3846 qulam
246 3757 325 3844 quod
342 3756 493 3843 Polycleti
510 3771 542 3822 et
560 3755 673 3822 Vatinii
693 3773 724 3820 et
747 3756 808 3822 Elii
830 3771 1025 3842 paraverunt.
1070 3757 1131 3824 llli·
