2514 4318
430 253 475 295 nn
498 229 654 296 Mutamus
678 230 878 296 Ganuenta.
1095 237 1157 300 195

204 397 263 461 Vl.
288 396 337 460 Ne
352 397 462 460 serrum
486 397 607 481 quidem
630 411 778 480 superest,
795 393 874 460 sicut'
891 418 931 459 ex
954 419 1065 482 genere
1082 395 1158 464 telo·

159 507 226 550 rum
238 485 397 566 colligitur.
443 482 517 545 Rari
529 484 645 565 gladiis,
656 498 707 546 aut
720 483 880 568 majoribus
892 485 1005 548 lanceis
1017 501 1155 550 utuntur:

160 573 273 648 hastas,
288 571 336 634 vel
352 571 483 655 ipsorum
500 571 647 632 vocabulo
663 569 812 652 frameas,
835 585 954 652 gerunt,
978 588 1105 653 angusto
1127 569 1159 638 et

158 658 244 722 brevi
260 657 348 734 serto,
364 657 417 720 sed
433 658 474 720 ita
490 657 561 734 acri,
582 671 613 718 et
629 657 666 718 ad
689 679 776 718 usum
794 657 895 734 habili,
912 673 944 720 ut
960 659 1068 720 eodem
1085 661 1158 738 telo,

159 757 252 830 prout
279 745 354 806 ratio
379 743 487 828 poscit,
503 743 551 806 vel
573 743 710 806 cominus
735 743 782 805 vel
806 745 923 806 eminus
948 761 1104 828 pugnent:
1127 760 1159 810 et

159 852 253 916 eques
269 831 391 916 quidem
409 846 494 894 scuto
517 828 692 914 frameaque
717 845 875 892 contentus
902 845 964 894 est:
990 832 1107 913 pedites
1129 847 1159 897 et

158 917 280 982 missilia
295 932 446 1002 spargunt,
464 917 548 999 plura
564 917 682 998 singuli,
695 931 785 1000 atque
798 917 826 978 in
838 917 1019 980 immensum
1031 918 1159 998 vibrant,

159 1005 232 1068 nudi
244 1017 294 1066 aut
304 1004 406 1088 sagulo
417 1004 513 1066 leves.
559 1003 652 1066 Nulla
663 1003 761 1065 cultds
769 1002 896 1088 jactatio
911 1027 919 1066 t
942 1021 1026 1068 scuta
1039 1005 1157 1070 tantum

158 1089 325 1155 lectissimis
349 1091 497 1154 coloribus
523 1089 726 1174 distinguunt:
751 1091 852 1172 paucis
882 1091 1001 1154 loricae:
1027 1093 1078 1154 vix
1098 1093 1157 1156 —uni

159 1177 284 1241 alterive
300 1178 402 1253 cassis,
415 1191 466 1239 aut
482 1177 578 1259 galea.
625 1175 707 1260 Equi
724 1199 782 1238 non
800 1175 905 1252 forme,
923 1199 980 1240 non
999 1179 1160 1242 velocitate

157 1264 333 1349 conspicui:
356 1264 409 1327 sed
426 1267 483 1326 uec
502 1264 613 1326 variare
637 1285 737 1346 gyros,
754 1264 782 1325 in
805 1285 919 1326 morem
943 1279 1089 1342 nostrum,
1105 1267 1160 1330 do-

158 1365 275 1415 centur.
321 1349 355 1413 ln
371 1367 496 1428 rectum,
513 1365 564 1414 aut
580 1372 639 1413 uno
661 1349 743 1412 flexu
761 1350 884 1412 dextros
908 1366 1010 1430 agunt,
1029 1353 1070 1414 ita
1085 1374 1159 1416 con·

155 1438 262 1524 juncto
283 1437 366 1514 orbe,
382 1452 416 1500 ut
438 1458 529 1499 nemo
551 1437 697 1520 posterior
724 1437 771 1498 sit.
818 1435 852 1496 ln
881 1437 1053 1500 universnm
1081 1440 1159 1502 asti·

158 1525 263 1601 manti,
280 1525 345 1608 plus
359 1543 452 1606 penes
466 1523 598 1606 peditem
612 1523 745 1584 roboris:
770 1521 868 1604 ebque
882 1522 967 1584 mixti
982 1524 1159 1604 preliantur,

159 1610 232 1696 apttl
247 1625 278 1672 et
295 1623 481 1690 congruente
498 1609 535 1670 ad
552 1623 722 1692 equestrem
748 1629 879 1690 pugnam
896 1608 1054 1672 velocitate
1075 1611 1161 1692 pedi-

158 1710 233 1771 tum,
255 1715 329 1779 quos
345 1694 481 1756 exomni
500 1693 662 1779 juventute
686 1694 820 1754 delectos
844 1707 912 1755 ante
929 1694 1025 1756 aciem
1046 1695 1158 1758 locant.

158 1781 312 1847 Definitur
326 1795 356 1844 et
371 1801 534 1842 numerus:
559 1779 674 1842 centeni
697 1801 737 1841 ex
759 1779 883 1860 singulis
900 1781 984 1862 pagis
998 1796 1088 1843 sunt:
1113 1782 1160 1844 id-

131 1945 134 1954 ·
161 1889 220 1953 que
235 1869 333 1951 ipsum
359 1867 435 1929 inter
461 1887 530 1930 suos
546 1879 709 1928 vocantur:
729 1869 766 1928 ¹et
789 1866 869 1950 quod
898 1865 995 1949 primo
1017 1889 1159 1932 numerus

160 1952 475 2039 tuit‚ja1nn0menet
498 1954 592 2016 ltonor
607 1967 664 2015 est.
710 1953 803 2016 Acies
825 1975 880 2036 per
901 1974 1014 2016 cuneos
1034 1976 1161 2038 compo·

159 2041 250 2105 nitur.
297 2038 419 2102 Cedere
434 2040 513 2116 loeo,
529 2039 694 2102 dummodo
706 2061 805 2100 rursus
822 2041 923 2115 instes,
939 2041 1053 2102 consilii
1071 2041 1161 2126 qbam

160 2127 325 2192 formidinis
349 2127 537 2190 arbitrantur.
558 2123 559 2128 ’
583 2125 722 2208 Corpora
745 2147 865 2188 suorum
897 2127 987 2188 etiam
1007 2129 1034 2188 in
1060 2129 1158 2192 dubiis

159 2214 266 2300 preliis
281 2212 423 2276 referunt.
452 2219 455 2226 '
471 2213 598 2275 Scotum
615 2213 779 2296 reliquisse,
797 2213 980 2294 praecipuum
993 2213 1159 2293 flagitium:

159 2321 218 2364 uec
234 2313 285 2363 aut
300 2301 391 2362 sacris
407 2299 524 2376 adesse,
540 2312 591 2362 aut
606 2299 766 2362 concilium
783 2299 868 2374 inire,
885 2299 1082 2380 ignominioso
1097 2299 1160 2365 sas:

160 2387 243 2450 multi
268 2408 305 2449 ue
322 2386 496 2471 superstites
512 2386 657 2448 bellorum
674 2385 826 2448 infamiam
842 2385 951 2470 laqueo
966 2385 1117 2450 finierunt.

201 2408 275 2536 Vll.
309 2472 414 2555 Reges
441 2495 482 2536 ex
505 2473 678 2548 nobilitate3
704 2471 810 2534 Duces
834 2493 874 2534 ex
892 2472 999 2536 virtute
1026 2475 1161 2538 sumunt.¹

161 2559 231 2624 Nec
247 2559 385 2642 Regibus
400 2559 511 2623 infinita
523 2573 573 2623 aut
585 2561 678 2622 libera
692 2575 841 2642 potestas:
859 2574 889 2622 et
899 2557 1005 2624 Duces
1017 2561 1162 2644 exemplo

160 2645 270 2732 potilts,
283 2646 373 2730 quam
389 2646 535 2729 imperio:
557 2647 581 2708 si
597 2646 716 2731 promti,
729 2647 751 2709 si
765 2647 968 2728 conspicui,·si
984 2662 1053 2708 ante
1066 2647 1163 2710 aciem

161 2745 261 2815 agant,
277 2733 471 2796 admiratione
488 2747 628 2816 praesunt.
673 2731 831 2806 Ceterum,
850 2753 950 2814 neque
974 2733 1163 2796 animadver-
1195 2799 1199 2814 Α

161 2833 237 2896 tere,
260 2841 359 2903 neque
381 2818 504 2894 vincire,
528 2819 687 2880 verberare
712 2817 844 2899 quidem,
868 2817 922 2878 uisi
948 2816 1183 2882 Sacerdotibus‘=

161 2906 361 2990 permissum3
383 2925 443 2965 non
467 2903 551 2986 quasi
578 2903 607 2964 in
634 2923 767 2984 poenam,
793 2922 850 2962 nec
873 2899 970 2962 Ducis
989 2901 1085 2984 jussu,
1107 2903 1162 2966 sed

14 3033 18 3044 ·
54 2993 58 2998 ’
161 2991 247 3054 velut
262 2991 334 3054 Deo
360 2989 539 3071 imperante,
567 3007 657 3070 quem
680 2985 786 3047 adesse
809 2985 990 3048 bellantibus
1012 2987 1159 3050 credunt:

162 3077 338 3159 effigiesque
355 3088 386 3136 et
402 3074 486 3154 signa
502 3072 649 3157 quaedam,
666 3071 798 3133 detracta
822 3071 908 3145 lucis,
924 3071 953 3132 in
971 3072 1103 3154 praelium
1120 3071 1165 3135 se·

162 3175 242 3226 runt.
289 3159 445 3243 Quodque
469 3158 651 3242 precipuum
668 3156 844 3220 fortitudinis
863 3157 1090 3220 incitamentum
1108 3173 1163 3236 est,

162 3269 224 3312 non
247 3268 345 3322 casus,
368 3266 425 3308 nec
449 3244 567 3308 fortuita
589 3243 781 3322 conglobatio
804 3258 933 3306 turmam
957 3259 1008 3306 aut
1030 3265 1163 3308 cuneum

162 3333 243 3411 lacit,
259 3333 312 3397 sed
329 3330 445 3396 samiliae
462 3347 492 3394 et
510 3331 757 3416 propinquitates,
774 3345 804 3392 et
825 3331 853 3392 in
872 3330 1009 3413 proximo
1027 3332 1161 3412 pignora,

163 3420 245 3485 dude
261 3419 449 3484 l'oemiuarum
472 3419 603 3483 ululatus
626 3418 731 3494 audiri,
754 3417 835 3479 unde
851 3418 965 3500 vagitus
988 3417 1162 3483 infantium:

163 3508 195 3572 lti
220 3509 329 3593 cuique
356 3506 535 3571 sanctissimi
557 3519 659 3580 testes,
683 3505 712 3566 hi
738 3505 859 3568 maximi
886 3504 1066 3568 laudatores.
1113 3507 1165 3570 Ad

163 3607 287 3670 matres,
304 3595 341 3656 ad
353 3593 498 3680 conjuges
513 3592 637 3656 vulnera
653 3590 750 3654 serunt
764 3614 770 3654 :
796 3613 852 3654 neo
864 3591 920 3654 ille
932 3614 1100 3668 numerare,
1113 3605 1165 3656 aut

164 3679 287 3761 exigere
304 3681 417 3766 plagas,
429 3693 539 3766 parent
552 3701 559 3744 :
583 3680 728 3766 cibosque
740 3692 771 3742 et
787 3679 954 3742 hortamina
965 3679 1165 3764 pugnantibus

165 3778 294 3853 gustant.
