2514 4318
145 225 185 292 A.
203 223 245 290 C.
259 225 329 310 to]
428 223 571 290 Hrsron.
594 225 680 290 Lrn..
694 224 865 302 Qurnrus.
1088 231 1150 296 183

147 403 222 468 sata,
238 390 302 456 sive
318 389 418 454 herbe
443 403 550 454 tenues
572 389 740 466 authores,
764 399 797 453 ut
818 389 937 454 solitam
960 389 989 454 in
1016 391 1151 476 speciem

147 476 321 553 adolevere,
337 491 400 540 atra
415 491 446 542 et
460 477 559 540 inania
572 477 654 540 velut
665 478 694 540 iu
710 477 843 540 cinerem
859 490 1035 542 vanescunt.
1081 477 1151 562 Ego

149 565 226 630 sicut
241 563 369 648 inclytas
385 565 537 650 quondam
554 564 643 628 urbes
658 563 726 644 igne
741 563 859 628 caelesti
871 562 1014 646 llagrdsse
1025 585 1152 629 conces-

147 651 249 728 serim,
271 651 311 715 ita
328 651 420 716 halitu
436 649 519 715 lactis
541 649 619 714 infici
642 665 762 726 terram,
788 650 940 734 corrumpi
959 651 1151 735 superfusum
1248 686 1252 696 r

146 739 294 822 spiritum,
310 736 408 822 ebque
425 735 515 802 soetus
538 752 675 819 segetum
689 753 718 802 et
733 737 868 802 autumni
884 752 1057 822 putrescere
1073 761 1151 816 reor,

146 825 213 888 solo
235 824 376 909 coeloque
394 823 485 910 juxth
507 825 599 907 gravi.
646 823 688 888 Et
703 823 798 888 Belus
814 826 908 888 amnis
930 823 1061 888 ludaico
1076 827 1151 890 mari

148 911 298 974 illabitur:
319 911 399 974 circa
413 910 500 996 cujus
522 933 557 974 os
578 911 715 974 collecte
737 933 845 987 arente,
861 911 996 976 admixto
1018 913 1104 990 nitr0,
1120 913 1151 976 in

148 998 256 1064 vitrum
272 1012 493 1083 excoquuntur,
511 998 663 1062 modicum
686 997 717 1060 id
737 999 819 1082 littus
840 1014 871 1062 ct
889 999 1083 1082 egerentibus
1105 999 1151 1063 iu·

147 1085 342 1150 exhaustum.

194 1170 285 1234 Vlll.
308 1169 424 1254 Magna
445 1193 514 1256 pars
536 1170 649 1236 Judaeae
673 1171 746 1236 vicis
768 1171 967 1257 dispergitnrr
989 1172 1101 1238 habent
1119 1186 1153 1237 et

147 1259 270 1344 oppida.
317 1257 532 1343 Hierosolyma
555 1260 637 1340 genti
661 1272 766 1342 caput.
813 1259 878 1322 lllic
901 1260 1055 1324 immensa
1074 1282 1151 1344 opn-

146 1345 245 1410 lentie
262 1347 421 1430 templum,
438 1361 469 1410 et
496 1347 598 1430 primis
624 1346 815 1410 munimentis
838 1347 918 1423 urbs,
935 1346 1004 1412 dein
1027 1347 1148 1430 Regia:

146 1433 296 1518 templum
312 1433 423 1497 intimis
445 1433 603 1496 clausurn:
628 1433 666 1496 ad
682 1433 763 1497 sores
777 1433 893 1498 tanturn
907 1431 1016 1496 Judaeo
1032 1434 1149 1498 aditus:

144 1519 261 1598 limine,
293 1535 403 1602 praeter
430 1519 623 1596 Sacerdotes,
655 1519 844 1584 arcebantur.
898 1519 983 1582 Dum
1009 1520 1150 1604 Assyrios
1251 1531 1252 1534 ’

146 1629 243 1693 penes
265 1604 439 1691 Medosque
455 1621 487 1670 ct
503 1605 613 1670 Persas
629 1603 740 1669 Oriens
756 1605 821 1680 suit,
837 1605 1065 1690 despectissima
1082 1627 1150 1690 pars

147 1694 363 1760 servientium:
387 1712 545 1778 postquam
564 1691 753 1756 Macedones
777 1691 975 1778 prapotuere,
991 1713 1046 1756 rex
1062 1693 1152 1756 Anti-

146 1779 254 1856 ochus,
277 1779 400 1842 demere
426 1779 671 1864 superstitionem
699 1792 731 1844 et
756 1800 856 1844 mores
875 1778 1050 1843 Graecorum
1077 1779 1151 1844 dare

147 1866 286 1942 annixus,
303 1865 476 1950 quominus
499 1867 681 1932 teterrimam
697 1881 820 1948 gentem
836 1866 866 1930 in
881 1866 989 1930 melios
1009 1881 1150 1946 mutaret,

146 1951 329 2017 Parthorum
358 1953 437 2016 bello
459 1953 624 2038 prohibitus
644 1969 711 2018 est:
734 1975 803 2018 nam
820 1951 858 2016 eh
879 1967 1071 2037 tempestate,
1089 1954 1151 2018 Ar·

145 2060 233 2106 seces
262 2039 441 2104 desciverat.
487 2039 570 2102 Tum
601 2038 711 2119 Judai,
741 2039 964 2106 Macedonibus
1000 2041 1150 2119 invalidis,

146 2125 268 2191 Parthis
283 2125 418 2189 nondum
439 2127 547 2190 adultis
564 2125 609 2212 (et
625 2126 758 2192 Romani
777 2129 881 2212 procul
896 2126 996 2210 erant)
1021 2129 1150 2212 sibiipsi

75 2285 82 2302 ι
145 2211 252 2296 Reges
276 2212 464 2298 imposuere:
490 2213 540 2298 qui
565 2214 728 2278 mobilitate
752 2214 832 2296 vulgi
861 2215 993 2298 expulsi,
1016 2213 1150 2278 resumta

146 2320 202 2383 per
227 2319 310 2362 arma
336 2299 551 2377 dominatione,
577 2299 661 2383 sugas
683 2301 806 2377 civium,
822 2301 940 2364 urbium
963 2301 1148 2377 eversiones,

146 2385 280 2463 hotrum,
297 2386 471 2472 conjugum,
487 2403 644 2472 parentum
668 2409 760 2451 neces
775 2388 894 2473 aliaque
909 2388 995 2452 solita
1011 2386 1149 2471 Regibus

145 2473 220 2550 ansi,
232 2474 475 2557 superstitionem
488 2473 648 2538 fovebant:
671 2475 741 2560 quia
751 2475 846 2540 honor
859 2474 1036 2552 Sacerdotii,
1049 2475 1150 2538 firma·

145 2575 283 2630 mentum
300 2561 449 2643 potentiae,
465 2562 684 2626 assumebatur.

189 2645 251 2708 IX.
275 2646 484 2712 Romanorum
503 2649 616 2732 primus
626 2647 688 2713 Cn.
701 2646 1000 2734 PompeiusJudaeos
1012 2646 1147 2725 domuit3

145 2733 354 2817 templumque
377 2732 447 2819 jure
463 2734 603 2798 victoriae.
616 2735 769 2817 ingressus
791 2750 847 2798 est.
893 2732 967 2796 lnde
984 2734 1149 2816 vulgatum,

145 2819 249 2884 ‘nulla
263 2820 341 2882 intus
357 2819 460 2884 Derim
477 2821 576 2903 effigie
593 2842 718 2884 vacuam
735 2821 839 2884 sedem
856 2832 887 2880 et
902 2819 1000 2882 inania
1015 2820 1147 2882 arcana?

145 2903 226 2970 Muri
257 2904 539 2991 Hierosolymorum
571 2907 669 2982 diruti,
700 2906 859 2968 delubrum
890 2905 1009 2968 mansit.
1055 2904 1144 2982 Mox,
1251 2909 1252 2976 ]

142 2991 224 3054 civili
248 2992 323 3056 inter
349 3015 403 3056 nos
430 2994 521 3068 hello,
545 3009 704 3077 postquam
727 2991 756 3053 in
781 2991 923 3054 ditionem
949 2988 997 3052 M.
1018 2991 1144 3054 Antonii

145 3078 307 3162 provincie
323 3093 487 3155 cesserant,
504 3078 577 3141 Rex
593 3078 775 3142 Parthorum
796 3077 931 3140 Pacorus
945 3075 1056 3140 Jodaet
1072 3077 1149 3160 poti·

145 3179 203 3240 tus,
216 3163 449 3250 interfectusque
465 3186 482 3227 a
498 3163 537 3228 P.
549 3163 704 3242 Ventidio,
714 3177 747 3227 et
755 3163 860 3228 Parthi
873 3178 956 3226 trans
966 3162 1148 3247 Euphraten

144 3251 278 3316 redacti:
301 3249 424 3316 Judeos
440 3249 481 3314 C.
492 3250 596 3315 Sosius
610 3250 741 3333 subegit.
786 3249 942 3329 Regnum,
958 3251 997 3313 ab
1012 3251 1148 3314 Antonio

146 3335 263 3400 Herodi
279 3336 392 3415 datum,
410 3337 504 3402 victor
527 3339 681 3422 Augustus
696 3337 792 3401 auxit.
838 3337 913 3402 Post
935 3352 1064 3400 mortem
1080 3335 1148 3400 He·

145 3423 236 3500 rodis,
252 3422 325 3486 nihil
341 3437 505 3508 expectato
527 3423 661 3498 Caesare,
686 3423 770 3487 Simo
793 3424 915 3510 qnidam
939 3424 1073 3508 Regium
1094 3445 1148 3488 uo·

146 3529 217 3572 men
244 3509 402 3574 invaserat.
448 3509 478 3574 ls
505 3531 522 3574 a
546 3509 694 3584 Quintillo
711 3508 805 3588 Varo,
831 3511 984 3576 obtinente
1015 3510 1146 3595 Syriam,
1249 3577 1252 3594 ἢ

146 3595 289 3680 punitus:
312 3612 342 3660 et
372 3608 495 3678 gentem
527 3597 690 3660 coercitam
722 3596 806 3661 liberi
839 3595 971 3661 Herodis
1000 3595 1147 3681 tripartitd

146 3680 267 3746 rexere.
314 3681 379 3746 Sub
408 3681 534 3748 Tiberio
564 3683 669 3771 quies:
694 3681 763 3748 dein
789 3683 865 3770 jussi
895 3706 913 3748 a
939 3683 980 3748 C.
1011 3682 1147 3760 Caesare,

144 3771 154 3806 ⁶
167 3767 298 3853 effigiem
325 3767 391 3856 ejus
414 3769 445 3833 in
470 3769 587 3854 templo
612 3769 734 3848 locare,’
762 3791 845 3834 arma
867 3770 966 3856 potiris
991 3767 1145 3832 sumsere:
1251 3843 1252 3846 Ἴ
