2556 4446
185 485 249 550 eet
599 483 770 552 Bnursan

220 649 249 709 4.
271 649 437 726 Obsequar,
451 651 548 724 inquit
560 650 734 719 Secundus3
755 649 845 725 idque
861 649 942 707 tanto
957 647 1096 708 libentius
1110 667 1178 727 pree·

182 733 295 798 etitem,
318 731 397 805 qubd
412 729 546 787 Messalae
566 731 743 788 sententiam
764 731 860 806 potius
882 748 946 786 sum
962 731 1178 796 confimaturus,

181 813 270 886 quam
296 828 403 867 novam
429 828 583 884 meamque
604 809 786 868 inducturus.
829 809 956 884 Semper
976 810 1055 867 euim
1083 809 1180 867 existi·

180 891 268 958 mavi,
290 900 322 948 nt
337 891 465 964 pictores
480 909 497 946 a
515 887 691 964 pictoribus,
707 899 810 963 poetas
831 905 847 942 a
864 891 969 962 poetis,
991 890 1034 946 sic
1049 905 1179 946 oratores

180 971 218 1027 ab
242 969 407 1028 oratoribus
432 987 498 1026 esse
519 967 736 1035 instituend0s3
769 965 952 1040 multumque
978 969 1040 1026 vitii
1062 987 1127 1026 esse
1149 967 1180 1024 in

180 1048 292 1108 scholis
316 1047 478 1114 rhetorum,
500 1049 550 1123 qui
575 1067 607 1106 se
631 1047 769 1105 doctores
794 1047 970 1120 eloquentiae
996 1047 1179 1124 profitentur,

179 1146 267 1204 quam
289 1147 438 1201 nunquam
454 1131 574 1194 novere,
596 1138 656 1194 aut,
670 1128 702 1195 ¹si
722 1131 842 1192 novere,
858 1143 1007 1201 uunquam
1029 1124 1180 1203 discipulis

179 1218 248 1271 sunt
262 1207 406 1274 tradituri,
418 1209 483 1264 edm
495 1206 663 1264 scholarum
677 1206 769 1264 taediis
782 1206 829 1264 vel
841 1205 949 1264 decora
965 1211 1181 1282 praeceptorum

177 1287 297 1364 ingenia
312 1285 492 1354 deterantur,
504 1285 718 1362 discipulorum
733 1287 904 1344 obruantur.
947 1285 1069 1344 Lentiits
1082 1295 1182 1342 tamen

175 1377 286 1424 mutata
301 1366 405 1422 fuisset
419 1367 528 1422 veteris
548 1365 726 1440 eloquentiae
740 1367 844 1442 forma,
872 1367 896 1424 si
912 1365 976 1423 sola
996 1365 1181 1442 ingruissent

177 1443 345 1500 scholarum
368 1443 447 1498 vitis.
483 1444 523 1498 At
537 1443 586 1500 ubi
601 1449 801 1518 supervenere
826 1447 956 1520 pessima
971 1443 1117 1519 exempla,
1136 1443 1182 1518 ju·

177 1540 284 1578 venum
297 1520 425 1586 licentia,
439 1520 649 1596 popularisque
661 1523 833 1586 assentatio,
843 1535 908 1581 tum
921 1523 1093 1597 eloquentia
1108 1519 1182 1600 prm·

176 1601 258 1675 cipiti
274 1619 342 1657 casu
357 1599 388 1655 in
403 1597 582 1672 exitiabilem
598 1597 879 1675 irreparabilemque
901 1603 1017 1658 ruinam
1041 1601 1182 1678 prolapsa

176 1689 222 1738 est
233 1701 241 1750 ;
262 1698 376 1756 nosque
388 1677 424 1736 ad
436 1697 496 1746 eas,
506 1679 611 1752 quibus
623 1697 701 1735 nunc
712 1687 906 1747 coarctamur,
917 1678 1018 1736 diserti
1030 1682 1183 1738 sermonis

175 1761 326 1838 angustias
342 1759 449 1817 fuimus
463 1757 584 1815 detrusi.
627 1757 725 1824 Quam
746 1768 844 1820 autem
868 1759 1005 1836 pessimis
1031 1760 1184 1836 exemplis

176 1839 205 1898 id
221 1839 429 1897 fueritfactum
445 1839 501 1914 ipsi
513 1837 639 1895 vidistis.

215 1919 243 1976 5.
266 1919 389 1976 Illorum
401 1919 479 1976 enim
494 1929 661 1993 temporum
676 1917 862 1986 meministis,
875 1919 980 1994 quibus
992 1915 1057 1974 'baec
1072 1917 1181 1976 civitas

175 1998 269 2066 famae,
288 2018 375 2073 quam
397 1999 486 2056 armis
500 1993 652 2070 literisque
674 2008 838 2074 paraverat,
861 2009 995 2072 pertaesa,
1017 1997 1180 2056 intentatas

175 2077 242 2134 iniit
258 2078 328 2144 vias,
350 2087 383 2134 ut
402 2096 461 2134 nou
483 2077 638 2168 majorum,
657 2076 708 2133 sed
723 2078 795 2146 suis,
817 2077 952 2134 laudibus
967 2075 1180 2134 celebraretur.

175 2153 359 2230 Reipublicae
382 2155 503 2212 libertas
524 2173 554 2212 m
583 2157 750 2232 principum
774 2157 1006 2214 dominationem
1036 2166 1179 2226 cesserat,

175 2252 337 2312 ¹eorumque
357 2235 468 2292 artibus
483 2234 654 2304 cavebatur,
677 2245 708 2291 ut
729 2235 860 2294 fastidita
880 2239 1003 2294 externa
1018 2244 1180 2311 vetereque

175 2311 272 2390 glorie
286 2314 340 2370 toti
354 2313 389 2370 ad
411 2311 589 2370 domesticas
611 2332 763 2388 novasque
777 2315 899 2373 delicias
923 2323 1178 2372 converteremur.

174 2392 253 2452 Dum
268 2395 297 2450 in
314 2393 375 2451 haec
390 2393 450 2450 otia
463 2391 650 2461 resolvimur,
672 2402 702 2449 et
716 2412 801 2450 suum
817 2395 942 2470 quisque
953 2392 1106 2470 ingenium
1125 2395 1179 2451 mi·

173 2474 214 2532 ris
230 2472 325 2531 modis
340 2481 533 2548 contorquet„
549 2471 655 2546 quibus
669 2472 788 2548 ignotos
803 2474 838 2531 ad
855 2473 980 2551 gloriam
996 2471 1091 2528 aditus
1107 2491 1180 2549 ape-

173 2553 238 2620 riat,
255 2573 358 2612 omnes
373 2554 444 2611 vicit
457 2551 560 2610 infelix
576 2551 610 2608 L.
626 2551 730 2609 Annaei
745 2553 867 2610 Senecae
882 2553 1016 2610 facilitas.
1052 2551 1142 2609 Absit
1163 2571 1181 2608 a

173 2627 220 2689 me
235 2631 393 2690 inhonesta
407 2631 469 2689 haec
485 2631 663 2707 malignitas,
679 2647 710 2688 ut
724 2651 809 2690 veras
831 2633 887 2688 viri
907 2631 1009 2688 laudes
1030 2629 1178 2689 detexam.

172 2709 301 2786 Egregia
312 2713 343 2767 in
358 2729 393 2768 eo
413 2711 565 2783 sapientiae
579 2709 684 2775 studia,
700 2729 755 2767 nec
767 2711 890 2768 fractum
905 2709 1049 2766 malorum
1066 2711 1180 2784 princi·

172 2805 242 2862 pum
258 2789 333 2846 odiis
354 2790 484 2844 animum
509 2789 574 2861 ipse
595 2789 716 2862 suspexi
737 2808 914 2865 semperque
929 2789 1099 2862 suspiciam.
1137 2793 1180 2848 nt

171 2883 268 2940 neque
279 2865 386 2924 veritas
399 2866 507 2942 patitur
519 2875 559 2933 ut,
570 2885 658 2941 quam
670 2867 832 2944 perniciem
844 2867 1019 2944 eloquentie
1030 2865 1179 2937 intulerit,

172 2943 364 3002 dissimulem.

177 3087 180 3092 ,
210 3025 238 3082 6.
261 3025 398 3084 Ceterum
411 3027 516 3082 natura
527 3025 704 3102 fortunaque
720 3036 838 3102 paratus
851 3027 904 3086 fuit
919 3027 1043 3093 Seneca,
1060 3035 1092 3084 ut
1107 3046 1178 3086 eam

170 3099 264 3163 literis
280 3105 471 3164 mutationem
492 3105 655 3164 inveheret.
697 3106 860 3180 Copiosum
876 3109 953 3164 enim
979 3106 1023 3162 illi
1045 3115 1108 3162 erat
1131 3107 1178 3164 in·

171 3186 302 3261 genium,
314 3184 412 3250 molle,
427 3202 583 3251 amoenum,
600 3183 725 3240 eruditio
738 3185 903 3260 multiplex,
926 3185 1077 3260 majorque
1093 3203 1179 3242 com·

169 3263 319 3322 mendatio
335 3283 371 3320 ex
386 3264 537 3337 sapientire
551 3262 664 3323 studiis.
680 3283 745 3338 quae
765 3283 913 3340 nunquam
929 3265 995 3340 plus
1011 3263 1106 3320 laudis
1123 3267 1179 3322 ob·

170 3345 275 3411 tinent,
287 3345 376 3420 quiam
389 3347 453 3400 citm
469 3361 566 3402 mores
581 3344 704 3415 periere.
736 3343 816 3402 Usus
831 3357 860 3401 et
874 3343 973 3401 saeculi
985 3343 1029 3398 sui
1041 3343 1177 3411 auribus,

169 3421 285 3480 dicendi
297 3442 389 3500 genus
401 3421 607 3498 attemperavit
621 3421 717 3488 facile,
732 3423 832 3491 breve,
845 3425 974 3480 sermoni
991 3423 1177 3495 proximum,

168 3503 267 3560 verbis
282 3503 497 3565 circumcisum,
513 3501 667 3558 sententiis
683 3501 832 3576 frequens,
849 3512 878 3559 et
888 3504 952 3580 jugi
968 3502 1105 3558 vitiorum
1128 3503 1178 3558 in-

169 3583 331 3638 sectatione
347 3581 381 3638 ad
398 3581 622 3637 admirationem
635 3581 843 3656 compositum.
887 3581 997 3638 Mirum
1011 3587 1042 3634 ut
1057 3579 1176 3654 placuit

168 3672 245 3713 nova
261 3659 322 3717 haec
344 3661 486 3716 orationis
501 3659 628 3733 specics,
650 3660 680 3716 in
700 3665 759 3733 qua
780 3662 873 3718 cuivis
888 3663 974 3718 obvia
989 3677 1175 3733 semperque

168 3737 307 3807 expedita
320 3739 432 3812 ingenii
446 3755 480 3794 ac
495 3740 612 3795 virtutis
627 3741 797 3796 ostentatio.
840 3737 950 3796 Forum
965 3739 1090 3794 Senecae
1106 3737 1175 3796 lau·

168 3811 253 3868 dibus
268 3815 364 3868 statim
382 3817 543 3887 personuit.
586 3817 712 3875 Incensa
724 3819 759 3875 ad
774 3819 947 3876 imitandum
960 3817 1093 3887 omnium
1108 3827 1176 3876 stu-

168 3890 225 3947 dia.
268 3890 364 3961 Super
378 3893 441 3949 haec
462 3895 544 3951 affuit
558 3897 686 3962 fortuna,
701 3917 765 3970 quae
780 3915 847 3953 eum
864 3898 936 3954 aulae
950 3893 1073 3961 deliciis,
1090 3896 1174 3955 forte

168 3979 198 4024 et
212 3967 391 4032 libidinibus,
403 3970 571 4029 immiscuit.
615 3975 779 4032 Subsecuta
792 3994 860 4034 mox
876 3978 940 4034 Caii
952 3975 1077 4033 Caesaris
1091 3974 1175 4032 invi·

166 4047 223 4114 dia,
248 4043 354 4102 deinde
377 4047 518 4119 pericula,
534 4051 640 4123 quibus
664 4056 746 4126 eque
769 4055 916 4112 inclaruit.
957 4053 1172 4114 Noviss'imum
