2556 4446
108 409 173 472 232
448 403 490 469 C.
514 403 623 469 Coun.
646 402 772 466 Tacrnr

151 570 227 636 XL.
251 569 344 654 Igitur
370 567 583 652 ‘triumphalia
606 533 781 631 ornamenss
805 581 835 632 et
860 567 978 632 illustris
1004 579 1108 631 statuae

107 660 255 722 honorem
271 674 301 722 et
316 656 456 742 quioquid
474 677 529 740 pro
544 655 694 739 triumpho
714 654 822 732 datur,'
839 655 934 758 mulge
948 654 1110 718 verborum

106 746 221 810 honore
230 745 393 818 cumulata,
406 723 528 805 deceriri
541 742 569 803 in
584 741 699 804 Senatu
710 741 816 826 jubet:
832 742 973 826 additque
986 741 1110 824 insuper

106 820 291 916 opinionem,
308 818 427 912 Syriam
445 816 627 914 provinciam
643 827 791 910 Agricolae
814 828 965 903 destinari,
981 848 1109 890 vacuam

107 933 171 983 tum
185 932 280 980 morte
294 917 377 980 Atilii
394 915 477 992 Rufi,
493 913 680 990 Consularis,
693 929 723 976 et
740 908 900 998 majoribfis
912 927 1109 978 reservatam.

106 1004 277 1070 credidere
303 1003 450 1088 plerique,
476 1003 612 1064 libertum
641 1022 680 1064 ex
701 1001 909 1064 secretioribus
939 1000 1117 1076 ministeriis

106 1080 230 1154 missum
247 1075 285 1153 {d
303 1089 489 1172 Agricolam,
512 1072 678 1161 codicillrss,
695 1088 802 1172 quibus
824 1088 851 1150 ai
867 1086 955 1171 Syria
971 1088 1109 1164 dabatur,

106 1179 219 1254 tulisse,
234 1198 305 1240 cum
319 1189 483 1259 precepto,
493 1191 536 1252 ut,
549 1175 571 1236 si
588 1175 617 1237 in
629 1173 786 1237 Britanniis
801 1172 887 1251 soret,
900 1161 1109 1238 traderentur:

106 1285 239 1349 eumque
254 1264 392 1326 libertum
409 1263 439 1324 in
456 1263 520 1346 ipso
537 1249 616 1323 iret6
628 1259 745 1323 Oceani
761 1261 883 1324 obvium
896 1260 1053 1342 Agricola,
1069 1244 1124 1323 nt(

97 1352 261 1434 ‘appellato
271 1335 392 1434 quidem
404 1369 453 1423 eo,
463 1348 502 1410 ad
515 1347 722 1410 Domitianum
733 1347 884 1410 remeasse
898 1371 907 1411 r
928 1349 991 1411 sive
1004 1367 1110 1410 verum

105 1437 198 1512 istud,
214 1437 278 1498 sive
294 1455 335 1497 ex
351 1435 471 1516 ingenio
487 1432 636 1518 Principis
651 1422 753 1496 ficttdn
776 1455 812 1497 ac
834 1412 1034 1519 composittim
1050 1449 1111 1497 est.

105 1521 289 1586 Tradiderat
317 1520 434 1584 interim
465 1520 607 1602 Agricola
643 1509 808 1584 succesmri
837 1541 893 1584 suo
924 1521 1111 1604 provinciam

106 1605 239 1695 quietam
265 1622 433 1693 tutamque.
479 1608 540 1684 Ac,
563 1627 603 1670 ne
626 1607 764 1670 notabilis
787 1607 962 1670 celebritate
988 1620 1018 1670 et
1048 1605 1111 1672 fre-

107 1695 232 1783 quentiri
240 1695 460 1760 occurrentium
471 1694 606 1758 introitus
615 1708 704 1770 esset,
718 1694 809 1758 vitato
821 1694 985 1758 amicorum
997 1693 1110 1772 officio,

107 1797 199 1848 noctu
215 1785 244 1846 in
261 1783 378 1860 urbem,
393 1799 483 1846 noctu
507 1781 536 1844 in
560 1781 713 1866 palatium,
729 1781 769 1844 ita
785 1793 817 1844 ut
833 1796 1017 1866 preceptum
1033 1795 1111 1859 erat,

107 1871 211 1934 venit:
236 1885 447 1954 exceptusque
470 1869 554 1932 brevi
569 1868 684 1946 osculo,
701 1881 732 1930 et
752 1868 835 1931 nullo
850 1889 999 1946 sermone,
1015 1867 1112 1931 turbae

106 1957 303 2020 servientium
328 1957 483 2030 immixtus
506 1969 563 2018 ast.
593 1953 768 2036 Ceterum,
785 1969 818 2018 ut
844 1955 971 2018 militare
987 1975 1111 2032 nomen,

1244 913 1255 970 i

106 2063 197 2126 grave
224 2043 301 2105 inter
326 2043 448 2118 otiosos,
475 2042 539 2104 aliis
555 2041 711 2105 virtutibus
734 2056 925 2126 temperaret,
946 2042 1112 2125 tranquilli·
1215 2053 1219 2058 '
1245 2127 1255 2146 .

106 2142 201 2191 tatem
225 2143 315 2212 atque
330 2129 424 2190 otium
449 2128 568 2211 penitus
591 2129 687 2204 auxit,
702 2107 789 2190 cultd
802 2129 949 2204 modicus,
969 2149 1112 2191 sermone

107 2212 214 2291 facilis,
229 2235 291 2277 uno
306 2227 357 2276 aut
373 2214 476 2280 altero.
492 2213 656 2276 amicorum
673 2215 832 2278 comitatus
842 2237 851 2292 ;
874 2215 951 2278 adeb
967 2230 999 2277 ut
1019 2215 1114 2298 pleri·

107 2321 167 2386 que
184 2301 429 2388 quibuslmagnos
444 2300 523 2358 viros
538 2321 592 2378 par
603 2301 798 2358 ambitionem
808 2303 956 2361 {aetimare
972 2323 1037 2361 mos
1052 2314 1113 2376 est,

107 2389 173 2452 viso
194 2399 379 2472 aspectoque
402 2379 557 2466 Agricola,
580 2396 746 2468 quererent
769 2382 891 2465 samam,
907 2386 995 2472 pauci
1021 2386 1115 2450 inter·

108 2489 309 2559 preterentur.
824 2507 835 2532 ,ι

151 2559 242 2623 XLI.
266 2557 385 2644 Crebrb
412 2580 467 2642 per
492 2579 546 2622 eos
569 2558 634 2621 dies
658 2557 737 2642 apud
767 2557 975 2640 Domitianum
1002 2560 1126 2625 absens.

108 2661 277 2724 accusatus,
294 2646 403 2706 absens
426 2645 462 2706 ab
479 2645 579 2708 olutus
602 2643 659 2707 es't.
705 2643 806 2707 Causa
830 2647 955 2729 periculi
978 2669 1037 2708 non
1053 2649 1116 2710 cri·

107 2753 178 2795 men
194 2731 300 2806 ullum,
320 2745 372 2792 ant
387 2665 510 2814 quedem
533 2729 592 2793 laesi
615 2729 803 2816 cujusquam,
826 2733 880 2794 sed
903 2732 1036 2796 infensus
1050 2734 1114 2796 vir-

106 2817 219 2881 tutibus
246 2815 402 2900 Princeps,
427 2830 458 2878 et
481 2816 573 2900 gloria
588 2817 652 2893 viri,
676 2837 712 2879 ac
735 2803 897 2902 pessimusm
920 2819 1112 2884 inimicorum

106 2923 213 2986 genus,
223 2891 390 2966 laudadtes.
437 2895 1176 3012 EtdoinseoutasuntReipablioaetemporabpg
1254 2889 1255 2892 Ἴ

66 3047 70 3054 ,
107 3011 174 3140 qpae
190 2988 268 3052 sileri
284 2988 456 3071 Agricolam
473 3012 532 3053 non
549 2979 701 3053 sinerent:
724 3005 768 3055 tot
783 2967 935 3055 exedcitus
951 2993 979 3056 in
996 2991 1118 3055 Moesia
1134 3013 1169 3081 p)
1254 3051 1255 3056 ,

143 3075 281 3161 aciaique,
297 3092 327 3139 et
350 3074 516 3139 Germania
538 3077 767 3162 Pannoniaque,
791 3081 959 3142 temeritate
981 3093 1032 3141 aut
1055 3100 1113 3162 per

107 3164 258 3246 ignaviam
279 3161 403 3226 Ducum
420 3161 540 3224 amissi:
563 3177 605 3226 tot
628 3165 766 3227 militares
784 3165 837 3228 viri
855 3187 924 3228 cum
941 3179 984 3228 tot
1000 3165 1111 3228 cobor-

107 3251 186 3314 tibus
202 3249 365 3335 expugnati
381 3261 412 3312 et
426 3248 527 3331 capti:
550 3269 607 3311 nec
618 3249 681 3334 jam
695 3251 733 3313 de
745 3253 838 3314 limite
851 3251 972 3336 Imperii
985 3267 1016 3314 et
1030 3251 1109 3334 ripd,

107 3337 161 3400 sed
178 3337 217 3399 de
234 3336 375 3419 hybernis
390 3334 542 3416 legionum
566 3349 597 3396 et
620 3338 810 3418 possessione
830 3339 1006 3402 dubitatum.
1052 3337 1109 3415 lta,

107 3422 178 3484 crim
209 3423 319 3484 damna
349 3403 749 3500 damnis‘lcontinuarentur,
772 3439 861 3508 atque
891 3426 987 3488 omnis
1014 3437 1110 3487 annus

108 3505 261 3571 funeribus
277 3524 306 3572 et
321 3494 457 3570 cladibds
473 3495 672 3590 insigniretdr,
687 3511 865 3593 poscebatur
879 3531 931 3573 ore
942 3511 1021 3589 vulgi
1034 3509 1111 3575 Dux

109 3592 269 3672 Agricola:
294 3594 538 3676 comparantibus
560 3595 676 3658 cunctis
693 3597 837 3679 vigorem,
860 3597 1056 3660 constantiam
1079 3613 1111 3662 et

109 3692 268 3758 expertum
285 3678 372 3741 bellis
394 3679 537 3755 animum,
553 3701 623 3764 cum
646 3681 753 3744 inertia
768 3697 798 3746 et
814 3683 971 3746 formidine
991 3697 1110 3746 cetero·

109 3783 187 3825 rum.
233 3760 354 3833 Quibus
375 3767 563 3830 sermonibus
586 3765 656 3830 satis
672 3784 788 3832 constat
804 3769 968 3833 Domitiani
988 3789 1110 3852 quoque

109 3867 197 3910 aures
213 3846 393 3922 verberatas,
406 3849 478 3910 dum
489 3859 620 3932 optimus
635 3855 761 3938 quisque
777 3856 949 3918 libertorum
961 3859 1062 3916 ambre
1078 3869 1112 3919 et

108 3931 178 4008 fide,
205 3930 326 4014 pessimi
348 3933 531 4014 malignitate
557 3953 589 4001 et
618 3939 723 4020 livore,
753 3963 880 4026 pronum
910 3940 1106 4006 deterioribus

320 4181 327 4204 ¹
371 4197 378 4224 r
