2556 4446
122 207 188 274 226
464 205 503 272 C.
526 205 634 272 Coun.
658 202 784 272 Tactnr

121 370 287 436 mutatione
301 369 466 434 ementium
482 369 639 450 adductos,
652 369 795 432 indicium
810 325 885 432 tariti
898 366 987 434 castis
998 367 1130 434 illustra·

15 493 29 510 ·
121 458 173 522 vit.
198 445 309 524 llnrtro
324 471 432 520 astaus
448 447 601 538 Xgrioola,
616 457 784 520 domestico
799 455 923 518 vulnere
943 457 1030 532 ictus,
1046 477 1130 520 anno

122 555 150 609 a
175 557 310 608 enatum
326 543 418 607 lilium
434 544 543 606 amisit.
589 541 694 615 Quem
714 563 819 606 casum
841 562 953 626 neque,
979 558 1012 606 ut
1034 542 1130 626 pleri·

123 651 183 716 que
205 630 323 694 sortiunt
340 631 481 707 virorum,
501 622 678 706 ambitiose,
693 649 793 712 neque
809 649 864 711 per
878 628 1009 691 lamenta
1025 649 1129 692 rursus

123 737 160 781 ac
176 737 337 780 moerorem
353 717 538 782 muliebriter
552 715 637 780 tulit:
665 714 741 798 stip
757 715 841 778 luctu
856 713 969 778 bellum
984 715 1063 778 inter
1076 735 1129 778 re-

123 803 310 868 mediaerat.
798 863 800 866 ,

39 907 44 979 f
166 887 294 953 XXIX.
319 861 412 974 lgitu'r
425 887 578 974 premissi
591 886 699 964 classe,
723 909 788 972 quae
813 886 947 971 pluribus
962 887 1036 951 locis
1051 853 1129 971 prfae'·

36 1019 39 1041 ι
122 975 203 1053 data,
219 997 362 1060 magnum
377 991 409 1040 et
424 977 569 1040 incertum
585 989 728 1038 terrorem
745 967 866 1051 laceret,
876 974 1023 1057 expedito
1038 996 1130 1037 exer·

36 1052 39 1079 ¹
122 1063 197 1138 citu,
213 1064 262 1126 oui
277 1084 318 1126 ex
333 1056 489 1126 Britanu'm
508 1061 683 1125 fortissimos
704 1075 736 1124 et
755 1059 847 1141 longai
863 1081 939 1144 pace
954 1061 1129 1145 exploratos

36 1098 41 1208 l
92 1153 96 1160 '
123 1149 289 1226 addiderat,
305 1149 342 1212 ad
360 1137 494 1212 monterb
510 1147 689 1230 Gmmpium
706 1147 854 1230 pervenit,
870 1167 961 1232 quem
977 1147 1041 1232 jam
1057 1149 1130 1210 bos·

36 1215 41 1296 i
121 1249 168 1300 tes
183 1215 494 1305 insederamcilam
510 1234 658 1311 Britanni,
684 1233 758 1296 nibil
780 1232 864 1298 fracti
888 1255 996 1318 pugne
1022 1233 1128 1317 prioris

40 1353 43 1402 5
123 1337 246 1399 eventu,
262 1315 453 1386 eruitionem
476 1335 528 1384 aut
542 1321 695 1384 servitium
711 1333 921 1402 expectantes,
943 1321 1129 1405 tandemque

39 1435 43 1492 j
59 1393 66 1439 ³
123 1407 217 1485 docti,
231 1429 394 1494 commune
414 1408 581 1492 periculum
596 1405 761 1470 concordii
775 1387 1022 1490 propulsandum,
1045 1407 1130 1488 lega·

36 1493 42 1571 ‚l
123 1495 255 1558 tionibus
280 1509 311 1558 et
334 1494 497 1560 soederibus
519 1493 654 1558 omnium
678 1493 831 1556 civitatum
847 1493 924 1556 vires
939 1473 1165 1563 asciverant.)
1261 1567 1262 1570 Ἴ

32 1592 36 1650 l
123 1579 257 1666 Jamque
277 1603 368 1666 super
389 1582 508 1664 triginta
523 1581 613 1644 millia
635 1594 815 1644 armatorum
839 1579 1073 1663 aspiciebautur,
1096 1592 1130 1643 et
1261 1581 1262 1586 ’

33 1653 39 1752 ³,
124 1669 226 1743 adhuc
241 1657 384 1732 affluebat
396 1669 495 1732 omnis
512 1667 668 1754 juventus,
687 1680 718 1730 et
733 1665 840 1816 quippe
855 1665 949 1730 cruda
970 1687 1006 1728 ac
1027 1665 1130 1730 viridis

35 1753 45 1823 ἶ,
123 1770 275 1831 senectus,
290 1755 361 1819 clari
374 1755 464 1831 bello,
481 1775 517 1817 ao
532 1775 586 1818 sua
601 1753 728 1839 quisque
740 1753 778 1816 de
819 1774 851 1816 ra
863 1765 1035 1834 gestantes:
1057 1752 1130 1816 otim

44 1854 48 1920 ξ
123 1841 314 1926 interplures
330 1841 435 1908 Duces
449 1841 556 1905 virtute
576 1856 606 1904 et
621 1861 733 1922 genere
749 1853 905 1923 prestans,
918 1839 1040 1903 nomine
1055 1837 1131 1902 Cal·

45 1924 52 2013 l,
124 1947 228 2010 gacus,
247 1927 327 2010 apud
343 1941 527 1992 contractam
542 1926 774 2004 multitudinem,
791 1925 926 2010 praelium
941 1938 1129 2012 poscentem,

52 2026 70 2109 *q
125 2013 155 2076 in
172 2013 251 2076 buno
264 2013 388 2076 modum
402 2013 521 2077 locutus
537 2012 647 2077 sertur:

70 2112 140 2130 ⁸*-
168 2097 281 2163 XXX.
305 2098 477 2174 ‘Quotiens
491 2121 598 2164 causas
614 2099 683 2163 belli
705 2113 736 2162 et
761 2099 973 2162 necessitatem
995 2112 1131 2162 nostram

124 2185 253 2264 intueor,
266 2208 392 2270 magnus
408 2187 480 2250 mibi
496 2187 613 2250 animus
624 2161 875 2285 est,Qnodiern6m
892 2186 985 2262 diem,
1001 2171 1142 2254 consen!

124 2293 254 2358 sumque
271 2289 415 2350 vestrum,
441 2274 558 2422 ipium
585 2273 728 2336 libertatrs
754 2273 845 2336 totius
866 2270 1030 2335 Britannia
1053 2257 1143 2364 lofe)

126 2356 209 2422 Nam
232 2373 264 2422 et
287 2360 448 2424 universis
468 2347 584 2422 rvimtis
600 2372 755 2440 expertes,
782 2372 814 2421 et
837 2357 925 2421 nullae
942 2357 1018 2422 ultra
1033 2371 1131 2435 terrae,

125 2464 162 2508 ao
177 2435 217 2508 ne
232 2466 314 2508 mare
330 2445 453 2530 quidem
469 2465 620 2522 securum,
645 2436 820 2508 immine‘nte
845 2433 931 2508 abbis
952 2436 1048 2509 clasis
1064 2443 1132 2507 Ro-

123 2530 230 2594 mami:
254 2533 295 2594 ita
307 2531 439 2614 praelium
453 2545 544 2616 atque
555 2552 648 2609 arma,
681 2553 725 2594 uae
738 2529 861 2594 sortibus
873 2533 1010 2608 honesta,
1021 2531 1131 2594 eadem

124 2616 217 2679 etiam
232 2617 347 2698 ignavis
361 2617 519 2693 tutissima,
544 2633 623 2682 sunt.
698 2618 790 2681 riores
812 2601 930 2703 pugbae,
954 2619 1063 2703 quibus
1078 2617 1132 2681 ad·

125 2702 230 2766 versus
242 2701 401 2768 Romanos
418 2703 501 2768 varini
515 2704 789 2768 lortunboertatum
807 2720 863 2782 est,
878 2727 965 2789 spem
981 2727 1017 2768 ec
1032 2691 1137 2770 subsil

125 2788 209 2854 dium
234 2790 263 2854 iu
283 2791 390 2855 nostris
410 2792 547 2855 manibus
563 2792 736 2856 habebant:
766 2791 834 2876 quia
850 2792 1025 2856 nobilissimi
1041 2792 1131 2856 totius

124 2859 298 2955 Batulum,
314 2877 413 2964 ebque
430 2879 457 2942 in
474 2879 545 2963 ipsis
560 2877 763 2964 penetralibus
777 2879 836 2955 siti,
860 2901 919 2942 nec
933 2855 1128 2942 serviebtium

124 2962 224 3030 littora
238 2955 429 3049 aspicientes,
454 2966 560 3029 oculos
576 2947 697 3051 quoque
720 2987 737 3028 a
762 2979 903 3030 contactu
919 2965 1129 3028 dominationis

15 3081 28 3096 κ
125 3050 284 3116 inviolatos
301 3052 497 3116 habebamus.
543 3051 620 3128 Nos,
648 3068 792 3116 terrarum
815 3073 851 3116 ac
870 3053 1013 3116 libertatis
1028 3067 1131 3116 extre·

125 3157 203 3216 mos,
219 3160 355 3202 recessus
370 3140 435 3224 ipse
462 3159 497 3202 ac
523 3139 604 3202 sinus
620 3139 705 3204 same
727 3139 755 3202 in
773 3139 854 3202 bunc
870 3139 951 3202 diem
974 3138 1127 3213 defendit:

124 3247 204 3288 nune
220 3226 365 3291 terminus
379 3225 542 3290 Britanniae
566 3241 666 3311 patet:
698 3240 789 3310 atque
804 3247 895 3289 omne
915 3226 1051 3309 ignotum
1073 3246 1130 3308 pro

124 3312 286 3392 magnifico
302 3327 357 3377 est.
404 3312 467 3376 Sed
485 3313 566 3376 nulla
577 3313 641 3398 jam
655 3311 732 3376 ultrai
746 3333 829 3395 gens,
853 3313 925 3376 nibil
949 3313 1004 3375 nisi
1021 3312 1131 3376 fluctus

125 3411 157 3460 et
171 3418 264 3461 saxa:
288 3414 319 3462 et
335 3397 502 3463 infestiores
518 3397 668 3463 Romani:
693 3421 820 3483 quorum
836 3400 1005 3483 superbiam
1022 3397 1130 3462 frustra

125 3502 181 3566 per
203 3483 381 3569 obsequium
408 3499 440 3549 et
466 3485 644 3550 modestiam
660 3486 812 3570 effugeris.
860 3487 1012 3569 Raptores
1037 3485 1129 3561 orbis,

125 3582 287 3653 postquam
301 3585 411 3634 cuncta
427 3573 611 3636 vastantibus
627 3571 751 3636 deluere
767 3587 864 3650 terre,
888 3588 919 3636 et
940 3593 1025 3636 mare
1047 3592 1130 3634 scru-

125 3667 244 3718 tantur:
267 3657 291 3720 si
307 3657 444 3739 locuples
467 3659 561 3722 bostis
576 3675 633 3737 est,
650 3661 750 3736 avari3
777 3660 801 3722 si
819 3680 944 3745 pauper,
961 3657 1128 3722 ambitiosi:

112 3747 201 3822 'quos
216 3761 276 3804 non
292 3740 413 3821 Oriens,
437 3765 498 3806 non
514 3743 680 3824 Occidens,
703 3746 866 3810 satiaverit.
913 3743 978 3810 Soli
993 3745 1130 3809 omnium
