<?xml version="1.0" encoding="UTF-8"?>
<!DOCTYPE html PUBLIC "-//W3C//DTD XHTML 1.0 Transitional//EN"
    "http://www.w3.org/TR/xhtml1/DTD/xhtml1-transitional.dtd">
<html xmlns="http://www.w3.org/1999/xhtml" xml:lang="en" lang="en">
 <head>
  <title>
</title>
<meta http-equiv="Content-Type" content="text/html;charset=utf-8" />
  <meta name='ocr-system' content='tesseract 3.04.00' />
  <meta name='ocr-capabilities' content='ocr_page ocr_carea ocr_par ocr_line ocrx_word'/>
</head>
<body>
  <div class='ocr_page' id='page_1' title='image "./ccorneliitaciti24tacigoog_0338.png"; bbox 0 0 2484 4316; ppageno 0'>
   <div class='ocr_carea' id='block_1_1' title="bbox 73 149 1098 292">
    <p class='ocr_par' dir='ltr' id='par_1_1' title="bbox 73 149 1098 292">
     <span class='ocr_line' id='line_1_1' title="bbox 73 149 1098 292; baseline 0 -16"><span class='ocrx_word' id='word_1_1' title='bbox 73 149 155 276; x_wconf 70' lang='grc' dir='ltr'><strong>Ι1112</strong></span> <span class='ocrx_word' id='word_1_2' title='bbox 429 205 470 274; x_wconf 89' lang='lat' dir='ltr'><strong>C.</strong></span> <span class='ocrx_word' id='word_1_3' title='bbox 493 205 602 272; x_wconf 77' lang='lat' dir='ltr'><strong>cons.</strong></span> <span class='ocrx_word' id='word_1_4' title='bbox 625 205 751 272; x_wconf 69' lang='lat' dir='ltr'><strong>Tuom</strong></span> <span class='ocrx_word' id='word_1_5' title='bbox 884 208 939 292; x_wconf 87' lang='grc' dir='ltr'><strong>[Α.</strong></span> <span class='ocrx_word' id='word_1_6' title='bbox 956 205 1098 278; x_wconf 63' lang='grc'>118211.</span> 
     </span>
    </p>
   </div>
   <div class='ocr_carea' id='block_1_2' title="bbox 76 371 1101 3843">
    <p class='ocr_par' dir='ltr' id='par_1_2' title="bbox 90 371 1101 1141">
     <span class='ocr_line' id='line_1_2' title="bbox 92 371 1101 458; baseline -0.001 -18"><span class='ocrx_word' id='word_1_7' title='bbox 92 374 221 440; x_wconf 89' lang='lat' dir='ltr'><strong>scendit.</strong></span> <span class='ocrx_word' id='word_1_8' title='bbox 267 373 343 439; x_wconf 91' lang='lat' dir='ltr'><strong>llluc</strong></span> <span class='ocrx_word' id='word_1_9' title='bbox 369 371 516 438; x_wconf 87' lang='lat' dir='ltr'><strong>Claudius</strong></span> <span class='ocrx_word' id='word_1_10' title='bbox 542 371 661 450; x_wconf 83' lang='lat' dir='ltr'><strong>Labeo,</strong></span> <span class='ocrx_word' id='word_1_11' title='bbox 688 393 791 457; x_wconf 86' lang='lat' dir='ltr'><strong>quem,</strong></span> <span class='ocrx_word' id='word_1_12' title='bbox 813 385 935 458; x_wconf 84' lang='lat' dir='ltr'><strong>ceptum</strong></span> <span class='ocrx_word' id='word_1_13' title='bbox 959 391 990 439; x_wconf 91' lang='lat' dir='ltr'><strong>et</strong></span> <span class='ocrx_word' id='word_1_14' title='bbox 1009 387 1101 440; x_wconf 82' lang='lat' dir='ltr'><strong>extra</strong></span> 
     </span>
     <span class='ocr_line' id='line_1_3' title="bbox 92 458 1101 545; baseline 0 -19"><span class='ocrx_word' id='word_1_15' title='bbox 92 475 278 526; x_wconf 88' lang='lat' dir='ltr'><strong>conventum</strong></span> <span class='ocrx_word' id='word_1_16' title='bbox 291 461 484 524; x_wconf 87' lang='lat' dir='ltr'><strong>amandatum</strong></span> <span class='ocrx_word' id='word_1_17' title='bbox 501 460 530 522; x_wconf 90' lang='lat' dir='ltr'><strong>in</strong></span> <span class='ocrx_word' id='word_1_18' title='bbox 546 458 670 537; x_wconf 82' lang='lat' dir='ltr'>Frisios,</span> <span class='ocrx_word' id='word_1_19' title='bbox 681 459 822 538; x_wconf 83' lang='lat' dir='ltr'><strong>diximus,</strong></span> <span class='ocrx_word' id='word_1_20' title='bbox 834 461 982 545; x_wconf 80' lang='lat' dir='ltr'>corruptis</span> <span class='ocrx_word' id='word_1_21' title='bbox 996 475 1101 526; x_wconf 90' lang='lat' dir='ltr'><strong>custo·</strong></span> 
     </span>
     <span class='ocr_line' id='line_1_4' title="bbox 93 547 1100 634; baseline -0.001 -21"><span class='ocrx_word' id='word_1_22' title='bbox 93 550 179 614; x_wconf 90' lang='lat' dir='ltr'><strong>dibus</strong></span> <span class='ocrx_word' id='word_1_23' title='bbox 196 547 324 634; x_wconf 82' lang='lat' dir='ltr'><strong>perlegit</strong></span> <span class='ocrx_word' id='word_1_24' title='bbox 337 569 345 625; x_wconf 91' lang='lat'>;</span> <span class='ocrx_word' id='word_1_25' title='bbox 369 547 591 631; x_wconf 83' lang='lat' dir='ltr'><strong>pollicitusque,</strong></span> <span class='ocrx_word' id='word_1_26' title='bbox 604 553 612 584; x_wconf 80' lang='lat'><em>⁶</em></span> <span class='ocrx_word' id='word_1_27' title='bbox 623 547 646 610; x_wconf 90' lang='lat' dir='ltr'><strong>si</strong></span> <span class='ocrx_word' id='word_1_28' title='bbox 665 547 831 630; x_wconf 77' lang='lat' dir='ltr'><strong>presidium</strong></span> <span class='ocrx_word' id='word_1_29' title='bbox 842 547 973 625; x_wconf 90' lang='lat' dir='ltr'><strong>daretur,</strong></span> <span class='ocrx_word' id='word_1_30' title='bbox 985 548 1100 613; x_wconf 89' lang='lat' dir='ltr'><strong>iturum</strong></span> 
     </span>
     <span class='ocr_line' id='line_1_5' title="bbox 90 633 1099 718; baseline 0 -19"><span class='ocrx_word' id='word_1_31' title='bbox 90 637 120 699; x_wconf 91' lang='lat' dir='ltr'><strong>in</strong></span> <span class='ocrx_word' id='word_1_32' title='bbox 137 635 271 699; x_wconf 87' lang='lat' dir='ltr'><strong>Batavos</strong></span> <span class='ocrx_word' id='word_1_33' title='bbox 287 649 318 697; x_wconf 89' lang='lat' dir='ltr'><strong>et</strong></span> <span class='ocrx_word' id='word_1_34' title='bbox 334 635 483 718; x_wconf 88' lang='lat' dir='ltr'><strong>potiorem</strong></span> <span class='ocrx_word' id='word_1_35' title='bbox 497 633 627 697; x_wconf 87' lang='lat' dir='ltr'><strong>civitatis</strong></span> <span class='ocrx_word' id='word_1_36' title='bbox 650 647 766 714; x_wconf 87' lang='lat' dir='ltr'><strong>partem</strong></span> <span class='ocrx_word' id='word_1_37' title='bbox 783 633 821 697; x_wconf 92' lang='lat' dir='ltr'><strong>ad</strong></span> <span class='ocrx_word' id='word_1_38' title='bbox 835 635 1013 698; x_wconf 85' lang='lat' dir='ltr'><strong>societatem</strong></span> <span class='ocrx_word' id='word_1_39' title='bbox 1030 634 1099 700; x_wconf 54' lang='lat' dir='ltr'><strong>Ros</strong></span> 
     </span>
     <span class='ocr_line' id='line_1_6' title="bbox 93 718 1100 806; baseline 0.001 -21"><span class='ocrx_word' id='word_1_40' title='bbox 93 743 214 786; x_wconf 88' lang='lat' dir='ltr'><strong>menam</strong></span> <span class='ocrx_word' id='word_1_41' title='bbox 241 719 469 797; x_wconf 84' lang='lat' dir='ltr'><strong>retracturum3&#39;</strong></span> <span class='ocrx_word' id='word_1_42' title='bbox 493 718 622 804; x_wconf 78' lang='lat' dir='ltr'><strong>acceptia</strong></span> <span class='ocrx_word' id='word_1_43' title='bbox 651 720 786 805; x_wconf 88' lang='lat' dir='ltr'><strong>peditum</strong></span> <span class='ocrx_word' id='word_1_44' title='bbox 814 721 1011 806; x_wconf 80' lang='lat' dir='ltr'><strong>equitumque</strong></span> <span class='ocrx_word' id='word_1_45' title='bbox 1031 743 1100 786; x_wconf 90' lang='lat' dir='ltr'><strong>mo·</strong></span> 
     </span>
     <span class='ocr_line' id='line_1_7' title="bbox 91 805 1099 891; baseline 0 -19"><span class='ocrx_word' id='word_1_46' title='bbox 91 807 162 872; x_wconf 79' lang='lat' dir='ltr'><strong>dict</strong></span> <span class='ocrx_word' id='word_1_47' title='bbox 177 827 279 884; x_wconf 89' lang='lat' dir='ltr'><strong>manu,</strong></span> <span class='ocrx_word' id='word_1_48' title='bbox 295 807 368 870; x_wconf 88' lang='lat' dir='ltr'><strong>nihil</strong></span> <span class='ocrx_word' id='word_1_49' title='bbox 384 807 465 891; x_wconf 90' lang='lat' dir='ltr'><strong>apud</strong></span> <span class='ocrx_word' id='word_1_50' title='bbox 482 805 618 870; x_wconf 82' lang='lat' dir='ltr'><strong>Batavos</strong></span> <span class='ocrx_word' id='word_1_51' title='bbox 634 828 734 884; x_wconf 88' lang='lat' dir='ltr'><strong>ausus,</strong></span> <span class='ocrx_word' id='word_1_52' title='bbox 751 807 897 891; x_wconf 89' lang='lat' dir='ltr'><strong>quosdam</strong></span> <span class='ocrx_word' id='word_1_53' title='bbox 913 806 1099 872; x_wconf 86' lang='lat' dir='ltr'><strong>Nerviorum</strong></span> 
     </span>
     <span class='ocr_line' id='line_1_8' title="bbox 91 892 1098 978; baseline 0.001 -20"><span class='ocrx_word' id='word_1_54' title='bbox 91 893 346 977; x_wconf 89' lang='lat' dir='ltr'><strong>Betasiorumque</strong></span> <span class='ocrx_word' id='word_1_55' title='bbox 372 893 402 958; x_wconf 91' lang='lat' dir='ltr'><strong>in</strong></span> <span class='ocrx_word' id='word_1_56' title='bbox 429 915 511 956; x_wconf 88' lang='lat' dir='ltr'><strong>arma</strong></span> <span class='ocrx_word' id='word_1_57' title='bbox 536 893 637 956; x_wconf 79' lang='lat' dir='ltr'><strong>traxit.</strong></span> <span class='ocrx_word' id='word_1_58' title='bbox 684 892 727 958; x_wconf 84' lang='lat' dir='ltr'><strong>Et</strong></span> <span class='ocrx_word' id='word_1_59' title='bbox 752 893 853 958; x_wconf 80' lang='lat' dir='ltr'><strong>furtim</strong></span> <span class='ocrx_word' id='word_1_60' title='bbox 876 892 982 976; x_wconf 83' lang='lat' dir='ltr'><strong>magis,</strong></span> <span class='ocrx_word' id='word_1_61' title='bbox 1006 895 1098 978; x_wconf 67' lang='lat' dir='ltr'><strong>quem</strong></span> 
     </span>
     <span class='ocr_line' id='line_1_9' title="bbox 91 977 1100 1063; baseline 0.001 -18"><span class='ocrx_word' id='word_1_62' title='bbox 91 981 183 1057; x_wconf 90' lang='lat' dir='ltr'><strong>bello,</strong></span> <span class='ocrx_word' id='word_1_63' title='bbox 197 978 415 1043; x_wconf 80' lang='lat' dir='ltr'><strong>Canninefates</strong></span> <span class='ocrx_word' id='word_1_64' title='bbox 428 977 646 1063; x_wconf 83' lang='lat' dir='ltr'><strong>Marsacosque</strong></span> <span class='ocrx_word' id='word_1_65' title='bbox 661 979 843 1043; x_wconf 85' lang='lat' dir='ltr'><strong>incursabat.</strong></span> <span class='ocrx_word' id='word_1_66' title='bbox 889 979 1010 1046; x_wconf 88' lang='lat' dir='ltr'><strong>Vocula</strong></span> <span class='ocrx_word' id='word_1_67' title='bbox 1021 980 1100 1046; x_wconf 60' lang='lat' dir='ltr'><strong>Gala</strong></span> 
     </span>
     <span class='ocr_line' id='line_1_10' title="bbox 92 1065 820 1141; baseline -0.004 -10"><span class='ocrx_word' id='word_1_68' title='bbox 92 1067 188 1132; x_wconf 87' lang='lat' dir='ltr'><strong>loruru</strong></span> <span class='ocrx_word' id='word_1_69' title='bbox 206 1065 310 1128; x_wconf 85' lang='lat' dir='ltr'><strong>fraude</strong></span> <span class='ocrx_word' id='word_1_70' title='bbox 325 1065 453 1141; x_wconf 90' lang='lat' dir='ltr'><strong>illectus,</strong></span> <span class='ocrx_word' id='word_1_71' title='bbox 467 1066 505 1127; x_wconf 87' lang='lat' dir='ltr'><strong>ad</strong></span> <span class='ocrx_word' id='word_1_72' title='bbox 521 1066 639 1128; x_wconf 86' lang='lat' dir='ltr'><strong>bostem</strong></span> <span class='ocrx_word' id='word_1_73' title='bbox 654 1065 820 1130; x_wconf 89' lang='lat' dir='ltr'><strong>contendit.</strong></span> 
     </span>
    </p>

    <p class='ocr_par' dir='ltr' id='par_1_3' title="bbox 76 1149 1101 3128">
     <span class='ocr_line' id='line_1_11' title="bbox 135 1149 1100 1236; baseline 0.004 -21"><span class='ocrx_word' id='word_1_74' title='bbox 135 1150 240 1216; x_wconf 88' lang='lat' dir='ltr'><strong>LVll.</strong></span> <span class='ocrx_word' id='word_1_75' title='bbox 265 1149 334 1215; x_wconf 88' lang='lat' dir='ltr'><strong>Nec</strong></span> <span class='ocrx_word' id='word_1_76' title='bbox 350 1151 455 1236; x_wconf 91' lang='lat' dir='ltr'><strong>procul</strong></span> <span class='ocrx_word' id='word_1_77' title='bbox 473 1149 636 1214; x_wconf 86' lang='lat' dir='ltr'><strong>Veteribus</strong></span> <span class='ocrx_word' id='word_1_78' title='bbox 659 1151 858 1228; x_wconf 82' lang='lat' dir='ltr'><strong>aberat,ci1m</strong></span> <span class='ocrx_word' id='word_1_79' title='bbox 881 1150 1039 1217; x_wconf 88' lang='lat' dir='ltr'><strong>Classicus</strong></span> <span class='ocrx_word' id='word_1_80' title='bbox 1063 1175 1100 1220; x_wconf 89' lang='lat' dir='ltr'><strong>ac</strong></span> 
     </span>
     <span class='ocr_line' id='line_1_12' title="bbox 91 1237 1099 1322; baseline 0.002 -19"><span class='ocrx_word' id='word_1_81' title='bbox 91 1238 202 1315; x_wconf 87' lang='lat' dir='ltr'><strong>Tutor,</strong></span> <span class='ocrx_word' id='word_1_82' title='bbox 230 1260 284 1322; x_wconf 93' lang='lat' dir='ltr'><strong>per</strong></span> <span class='ocrx_word' id='word_1_83' title='bbox 305 1238 440 1322; x_wconf 89' lang='lat' dir='ltr'><strong>speciem</strong></span> <span class='ocrx_word' id='word_1_84' title='bbox 471 1237 649 1322; x_wconf 82' lang='lat' dir='ltr'><strong>explorandi</strong></span> <span class='ocrx_word' id='word_1_85' title='bbox 676 1239 840 1320; x_wconf 85' lang='lat' dir='ltr'><strong>praegressi,</strong></span> <span class='ocrx_word' id='word_1_86' title='bbox 864 1261 935 1303; x_wconf 93' lang='lat' dir='ltr'><strong>cum</strong></span> <span class='ocrx_word' id='word_1_87' title='bbox 957 1239 1099 1306; x_wconf 88' lang='lat' dir='ltr'><strong>Ducibus</strong></span> 
     </span>
     <span class='ocr_line' id='line_1_13' title="bbox 91 1323 1100 1410; baseline 0.002 -19"><span class='ocrx_word' id='word_1_88' title='bbox 91 1327 313 1391; x_wconf 87' lang='lat' dir='ltr'><strong>Germanorum</strong></span> <span class='ocrx_word' id='word_1_89' title='bbox 338 1340 425 1410; x_wconf 86' lang='lat' dir='ltr'><strong>pacta</strong></span> <span class='ocrx_word' id='word_1_90' title='bbox 447 1323 616 1388; x_wconf 71' lang='lat' dir='ltr'><strong>firmavere.</strong></span> <span class='ocrx_word' id='word_1_91' title='bbox 661 1324 806 1410; x_wconf 88' lang='lat' dir='ltr'><strong>Tumque</strong></span> <span class='ocrx_word' id='word_1_92' title='bbox 833 1325 960 1410; x_wconf 85' lang='lat' dir='ltr'><strong>primirm</strong></span> <span class='ocrx_word' id='word_1_93' title='bbox 976 1327 1100 1393; x_wconf 85' lang='lat' dir='ltr'><strong>discreti</strong></span> 
     </span>
     <span class='ocr_line' id='line_1_14' title="bbox 91 1411 1100 1496; baseline 0 -18"><span class='ocrx_word' id='word_1_94' title='bbox 91 1435 109 1478; x_wconf 88' lang='lat' dir='ltr'><strong>a</strong></span> <span class='ocrx_word' id='word_1_95' title='bbox 133 1413 301 1496; x_wconf 86' lang='lat' dir='ltr'><strong>legionibus</strong></span> <span class='ocrx_word' id='word_1_96' title='bbox 328 1411 449 1496; x_wconf 92' lang='lat' dir='ltr'><strong>proprio</strong></span> <span class='ocrx_word' id='word_1_97' title='bbox 472 1412 552 1474; x_wconf 89' lang='lat' dir='ltr'><strong>vallo</strong></span> <span class='ocrx_word' id='word_1_98' title='bbox 577 1424 675 1474; x_wconf 88' lang='lat' dir='ltr'><strong>castra</strong></span> <span class='ocrx_word' id='word_1_99' title='bbox 697 1433 751 1476; x_wconf 88' lang='lat' dir='ltr'><strong>sua</strong></span> <span class='ocrx_word' id='word_1_100' title='bbox 774 1412 971 1490; x_wconf 87' lang='lat' dir='ltr'><strong>circumdant,</strong></span> <span class='ocrx_word' id='word_1_101' title='bbox 996 1413 1100 1478; x_wconf 88' lang='lat' dir='ltr'><strong>obtes-</strong></span> 
     </span>
     <span class='ocr_line' id='line_1_15' title="bbox 92 1497 1099 1576; baseline 0.002 -12"><span class='ocrx_word' id='word_1_102' title='bbox 92 1515 175 1565; x_wconf 88' lang='lat' dir='ltr'><strong>tante</strong></span> <span class='ocrx_word' id='word_1_103' title='bbox 193 1497 324 1576; x_wconf 80' lang='lat' dir='ltr'><strong>Vocnlb,</strong></span> <span class='ocrx_word' id='word_1_104' title='bbox 351 1497 445 1562; x_wconf 91' lang='lat' dir='ltr'><strong>‘Non</strong></span> <span class='ocrx_word' id='word_1_105' title='bbox 472 1497 551 1562; x_wconf 85' lang='lat' dir='ltr'><strong>aded</strong></span> <span class='ocrx_word' id='word_1_106' title='bbox 581 1499 731 1562; x_wconf 88' lang='lat' dir='ltr'><strong>turbatam</strong></span> <span class='ocrx_word' id='word_1_107' title='bbox 757 1499 896 1564; x_wconf 86' lang='lat' dir='ltr'><strong>civilibus</strong></span> <span class='ocrx_word' id='word_1_108' title='bbox 920 1501 1010 1564; x_wconf 91' lang='lat' dir='ltr'><strong>armis</strong></span> <span class='ocrx_word' id='word_1_109' title='bbox 1032 1522 1099 1566; x_wconf 88' lang='lat' dir='ltr'><strong>rem</strong></span> 
     </span>
     <span class='ocr_line' id='line_1_16' title="bbox 91 1585 1098 1671; baseline 0.001 -19"><span class='ocrx_word' id='word_1_110' title='bbox 91 1587 277 1663; x_wconf 86' lang='lat' dir='ltr'><strong>Romanam,</strong></span> <span class='ocrx_word' id='word_1_111' title='bbox 292 1600 325 1650; x_wconf 94' lang='lat' dir='ltr'><strong>nt</strong></span> <span class='ocrx_word' id='word_1_112' title='bbox 340 1585 483 1648; x_wconf 89' lang='lat' dir='ltr'><strong>Treveris</strong></span> <span class='ocrx_word' id='word_1_113' title='bbox 499 1585 588 1649; x_wconf 89' lang='lat' dir='ltr'><strong>etiam</strong></span> <span class='ocrx_word' id='word_1_114' title='bbox 612 1585 860 1671; x_wconf 84' lang='lat' dir='ltr'><strong>Lingonibusque</strong></span> <span class='ocrx_word' id='word_1_115' title='bbox 876 1587 1033 1671; x_wconf 88' lang='lat' dir='ltr'><strong>despectui</strong></span> <span class='ocrx_word' id='word_1_116' title='bbox 1048 1588 1098 1653; x_wconf 90' lang='lat' dir='ltr'><strong>sit.</strong></span> 
     </span>
     <span class='ocr_line' id='line_1_17' title="bbox 92 1672 1099 1758; baseline 0.001 -19"><span class='ocrx_word' id='word_1_117' title='bbox 92 1675 260 1758; x_wconf 88' lang='lat' dir='ltr'><strong>Superesse</strong></span> <span class='ocrx_word' id='word_1_118' title='bbox 290 1673 364 1736; x_wconf 87' lang='lat' dir='ltr'><strong>fidas</strong></span> <span class='ocrx_word' id='word_1_119' title='bbox 388 1672 567 1757; x_wconf 89' lang='lat' dir='ltr'><strong>provincias,</strong></span> <span class='ocrx_word' id='word_1_120' title='bbox 594 1673 722 1736; x_wconf 89' lang='lat' dir='ltr'><strong>victores</strong></span> <span class='ocrx_word' id='word_1_121' title='bbox 753 1673 916 1751; x_wconf 87' lang='lat' dir='ltr'><strong>exercitus,</strong></span> <span class='ocrx_word' id='word_1_122' title='bbox 947 1673 1099 1740; x_wconf 83' lang='lat' dir='ltr'><strong>fortunam</strong></span> 
     </span>
     <span class='ocr_line' id='line_1_18' title="bbox 76 1758 1099 1846; baseline -0.002 -20"><span class='ocrx_word' id='word_1_123' title='bbox 76 1760 227 1846; x_wconf 83' lang='lat' dir='ltr'><strong>·lrnperii,</strong></span> <span class='ocrx_word' id='word_1_124' title='bbox 244 1774 275 1824; x_wconf 87' lang='lat' dir='ltr'><strong>et</strong></span> <span class='ocrx_word' id='word_1_125' title='bbox 290 1760 401 1824; x_wconf 88' lang='lat' dir='ltr'><strong>ultores</strong></span> <span class='ocrx_word' id='word_1_126' title='bbox 417 1759 515 1823; x_wconf 90' lang='lat' dir='ltr'><strong>Deos.</strong></span> <span class='ocrx_word' id='word_1_127' title='bbox 562 1758 613 1823; x_wconf 92' lang='lat' dir='ltr'><strong>Sic</strong></span> <span class='ocrx_word' id='word_1_128' title='bbox 629 1760 699 1822; x_wconf 90' lang='lat' dir='ltr'><strong>olim</strong></span> <span class='ocrx_word' id='word_1_129' title='bbox 717 1759 909 1824; x_wconf 88' lang='lat' dir='ltr'><strong>Sacrovirum</strong></span> <span class='ocrx_word' id='word_1_130' title='bbox 925 1760 1099 1840; x_wconf 87' lang='lat' dir='ltr'><strong>etAEduos,</strong></span> 
     </span>
     <span class='ocr_line' id='line_1_19' title="bbox 93 1844 1100 1934; baseline 0.001 -23"><span class='ocrx_word' id='word_1_131' title='bbox 93 1869 191 1934; x_wconf 87' lang='lat' dir='ltr'><strong>nuper</strong></span> <span class='ocrx_word' id='word_1_132' title='bbox 219 1845 382 1910; x_wconf 90' lang='lat' dir='ltr'><strong>Vindicem</strong></span> <span class='ocrx_word' id='word_1_133' title='bbox 413 1844 600 1930; x_wconf 85' lang='lat' dir='ltr'><strong>Galliasque,</strong></span> <span class='ocrx_word' id='word_1_134' title='bbox 631 1847 754 1929; x_wconf 86' lang='lat' dir='ltr'><strong>singulis</strong></span> <span class='ocrx_word' id='word_1_135' title='bbox 785 1847 889 1932; x_wconf 74' lang='lat' dir='ltr'><strong>preliis</strong></span> <span class='ocrx_word' id='word_1_136' title='bbox 918 1848 1100 1913; x_wconf 87' lang='lat' dir='ltr'><strong>concidisse.</strong></span> 
     </span>
     <span class='ocr_line' id='line_1_20' title="bbox 94 1930 1100 2018; baseline 0.002 -21"><span class='ocrx_word' id='word_1_137' title='bbox 94 1933 215 1998; x_wconf 87' lang='lat' dir='ltr'><strong>Eadem</strong></span> <span class='ocrx_word' id='word_1_138' title='bbox 232 1953 332 1996; x_wconf 87' lang='lat' dir='ltr'><strong>rursus</strong></span> <span class='ocrx_word' id='word_1_139' title='bbox 349 1930 493 2009; x_wconf 90' lang='lat' dir='ltr'><strong>Numina,</strong></span> <span class='ocrx_word' id='word_1_140' title='bbox 509 1934 617 1996; x_wconf 89' lang='lat' dir='ltr'><strong>eadem</strong></span> <span class='ocrx_word' id='word_1_141' title='bbox 634 1932 703 2009; x_wconf 85' lang='lat' dir='ltr'><strong>lata,</strong></span> <span class='ocrx_word' id='word_1_142' title='bbox 725 1948 862 2018; x_wconf 88' lang='lat' dir='ltr'><strong>ruptores</strong></span> <span class='ocrx_word' id='word_1_143' title='bbox 878 1933 1025 1999; x_wconf 79' lang='lat' dir='ltr'><strong>scedarum</strong></span> <span class='ocrx_word' id='word_1_144' title='bbox 1041 1955 1100 1999; x_wconf 85' lang='lat' dir='ltr'><strong>ex·</strong></span> 
     </span>
     <span class='ocr_line' id='line_1_21' title="bbox 95 2017 1099 2106; baseline 0.003 -23"><span class='ocrx_word' id='word_1_145' title='bbox 95 2033 263 2106; x_wconf 85' lang='lat' dir='ltr'><strong>pecterent.</strong></span> <span class='ocrx_word' id='word_1_146' title='bbox 308 2017 422 2082; x_wconf 82' lang='lat' dir='ltr'><strong>Melibs</strong></span> <span class='ocrx_word' id='word_1_147' title='bbox 450 2019 533 2083; x_wconf 86' lang='lat' dir='ltr'><strong>Divo</strong></span> <span class='ocrx_word' id='word_1_148' title='bbox 559 2018 642 2082; x_wconf 90' lang='lat' dir='ltr'><strong>Julio</strong></span> <span class='ocrx_word' id='word_1_149' title='bbox 669 2019 814 2105; x_wconf 89' lang='lat' dir='ltr'><strong>Divoque</strong></span> <span class='ocrx_word' id='word_1_150' title='bbox 840 2020 982 2103; x_wconf 82' lang='lat' dir='ltr'><strong>Augusto</strong></span> <span class='ocrx_word' id='word_1_151' title='bbox 1012 2036 1099 2086; x_wconf 89' lang='lat' dir='ltr'><strong>notos</strong></span> 
     </span>
     <span class='ocr_line' id='line_1_22' title="bbox 93 2105 1100 2193; baseline 0.001 -22"><span class='ocrx_word' id='word_1_152' title='bbox 93 2127 198 2171; x_wconf 90' lang='lat' dir='ltr'><strong>eorum</strong></span> <span class='ocrx_word' id='word_1_153' title='bbox 215 2105 342 2169; x_wconf 86' lang='lat' dir='ltr'><strong>animos.</strong></span> <span class='ocrx_word' id='word_1_154' title='bbox 389 2105 531 2184; x_wconf 88' lang='lat' dir='ltr'><strong>Galbam,</strong></span> <span class='ocrx_word' id='word_1_155' title='bbox 547 2122 579 2170; x_wconf 92' lang='lat' dir='ltr'><strong>et</strong></span> <span class='ocrx_word' id='word_1_156' title='bbox 593 2105 718 2170; x_wconf 81' lang='lat' dir='ltr'><strong>infracta</strong></span> <span class='ocrx_word' id='word_1_157' title='bbox 738 2108 859 2185; x_wconf 89' lang='lat' dir='ltr'><strong>tributa,</strong></span> <span class='ocrx_word' id='word_1_158' title='bbox 875 2107 997 2172; x_wconf 88' lang='lat' dir='ltr'><strong>hostiles</strong></span> <span class='ocrx_word' id='word_1_159' title='bbox 1011 2109 1100 2193; x_wconf 90' lang='lat' dir='ltr'><strong>spiri·</strong></span> 
     </span>
     <span class='ocr_line' id='line_1_23' title="bbox 93 2191 1098 2278; baseline 0 -20"><span class='ocrx_word' id='word_1_160' title='bbox 93 2208 141 2259; x_wconf 92' lang='lat' dir='ltr'><strong>tus</strong></span> <span class='ocrx_word' id='word_1_161' title='bbox 165 2193 309 2256; x_wconf 89' lang='lat' dir='ltr'><strong>induisse.</strong></span> <span class='ocrx_word' id='word_1_162' title='bbox 355 2191 447 2256; x_wconf 91' lang='lat' dir='ltr'><strong>Nunc</strong></span> <span class='ocrx_word' id='word_1_163' title='bbox 477 2194 591 2270; x_wconf 90' lang='lat' dir='ltr'><strong>hostes,</strong></span> <span class='ocrx_word' id='word_1_164' title='bbox 615 2194 684 2278; x_wconf 88' lang='lat' dir='ltr'><strong>quia</strong></span> <span class='ocrx_word' id='word_1_165' title='bbox 713 2194 804 2258; x_wconf 91' lang='lat' dir='ltr'><strong>molle</strong></span> <span class='ocrx_word' id='word_1_166' title='bbox 830 2195 1005 2260; x_wconf 81' lang='lat' dir='ltr'><strong>servitium:</strong></span> <span class='ocrx_word' id='word_1_167' title='bbox 1026 2194 1098 2259; x_wconf 84' lang='lat' dir='ltr'><strong>cirm</strong></span> 
     </span>
     <span class='ocr_line' id='line_1_24' title="bbox 91 2279 1099 2369; baseline 0.001 -24"><span class='ocrx_word' id='word_1_168' title='bbox 91 2280 209 2369; x_wconf 85' lang='lat' dir='ltr'><strong>spoliati</strong></span> <span class='ocrx_word' id='word_1_169' title='bbox 239 2279 386 2364; x_wconf 85' lang='lat' dir='ltr'><strong>exutique</strong></span> <span class='ocrx_word' id='word_1_170' title='bbox 417 2279 536 2358; x_wconf 82' lang='lat' dir='ltr'><strong>luerint,</strong></span> <span class='ocrx_word' id='word_1_171' title='bbox 568 2281 680 2344; x_wconf 92' lang='lat' dir='ltr'><strong>amicos</strong></span> <span class='ocrx_word' id='word_1_172' title='bbox 711 2279 798 2344; x_wconf 63' lang='lat' dir='ltr'><strong>lore?</strong></span> <span class='ocrx_word' id='word_1_173' title='bbox 845 2279 920 2344; x_wconf 86' lang='lat' dir='ltr'><strong>Haec</strong></span> <span class='ocrx_word' id='word_1_174' title='bbox 957 2279 1099 2346; x_wconf 82' lang='lat' dir='ltr'><strong>ferociter</strong></span> 
     </span>
     <span class='ocr_line' id='line_1_25' title="bbox 93 2365 1100 2451; baseline 0 -19"><span class='ocrx_word' id='word_1_175' title='bbox 93 2369 224 2444; x_wconf 88' lang='lat' dir='ltr'><strong>locutus,</strong></span> <span class='ocrx_word' id='word_1_176' title='bbox 241 2381 400 2451; x_wconf 88' lang='lat' dir='ltr'><strong>postquam</strong></span> <span class='ocrx_word' id='word_1_177' title='bbox 418 2381 551 2450; x_wconf 89' lang='lat' dir='ltr'><strong>perstare</strong></span> <span class='ocrx_word' id='word_1_178' title='bbox 567 2368 596 2430; x_wconf 89' lang='lat' dir='ltr'><strong>in</strong></span> <span class='ocrx_word' id='word_1_179' title='bbox 614 2366 739 2450; x_wconf 76' lang='lat' dir='ltr'><strong>perfidiit</strong></span> <span class='ocrx_word' id='word_1_180' title='bbox 750 2365 921 2432; x_wconf 89' lang='lat' dir='ltr'><strong>Classicum</strong></span> <span class='ocrx_word' id='word_1_181' title='bbox 933 2366 1100 2432; x_wconf 89' lang='lat' dir='ltr'><strong>Tutorem·</strong></span> 
     </span>
     <span class='ocr_line' id='line_1_26' title="bbox 95 2452 1099 2541; baseline 0.004 -23"><span class='ocrx_word' id='word_1_182' title='bbox 95 2475 154 2541; x_wconf 90' lang='lat' dir='ltr'><strong>que</strong></span> <span class='ocrx_word' id='word_1_183' title='bbox 171 2453 264 2532; x_wconf 90' lang='lat' dir='ltr'><strong>videt,</strong></span> <span class='ocrx_word' id='word_1_184' title='bbox 288 2475 375 2517; x_wconf 90' lang='lat' dir='ltr'><strong>verso</strong></span> <span class='ocrx_word' id='word_1_185' title='bbox 391 2454 508 2532; x_wconf 89' lang='lat' dir='ltr'><strong>itinere,</strong></span> <span class='ocrx_word' id='word_1_186' title='bbox 524 2452 692 2517; x_wconf 90' lang='lat' dir='ltr'><strong>Novesium</strong></span> <span class='ocrx_word' id='word_1_187' title='bbox 709 2454 861 2518; x_wconf 88' lang='lat' dir='ltr'><strong>concedit.</strong></span> <span class='ocrx_word' id='word_1_188' title='bbox 907 2453 989 2518; x_wconf 90' lang='lat' dir='ltr'><strong>Galli</strong></span> <span class='ocrx_word' id='word_1_189' title='bbox 1004 2454 1099 2522; x_wconf 76' lang='lat' dir='ltr'><strong>dudm</strong></span> 
     </span>
     <span class='ocr_line' id='line_1_27' title="bbox 94 2539 1100 2626; baseline 0.001 -21"><span class='ocrx_word' id='word_1_190' title='bbox 94 2541 220 2605; x_wconf 90' lang='lat' dir='ltr'><strong>millium</strong></span> <span class='ocrx_word' id='word_1_191' title='bbox 240 2540 337 2626; x_wconf 88' lang='lat' dir='ltr'><strong>spatio</strong></span> <span class='ocrx_word' id='word_1_192' title='bbox 352 2541 530 2604; x_wconf 86' lang='lat' dir='ltr'><strong>distantibus</strong></span> <span class='ocrx_word' id='word_1_193' title='bbox 552 2541 666 2625; x_wconf 89' lang='lat' dir='ltr'><strong>campis</strong></span> <span class='ocrx_word' id='word_1_194' title='bbox 692 2540 869 2605; x_wconf 68' lang='lat' dir='ltr'><strong>consedere.</strong></span> <span class='ocrx_word' id='word_1_195' title='bbox 915 2539 991 2606; x_wconf 94' lang='lat' dir='ltr'><strong>llluc</strong></span> <span class='ocrx_word' id='word_1_196' title='bbox 1013 2562 1100 2606; x_wconf 86' lang='lat' dir='ltr'><strong>com·</strong></span> 
     </span>
     <span class='ocr_line' id='line_1_28' title="bbox 93 2626 1099 2712; baseline 0 -20"><span class='ocrx_word' id='word_1_197' title='bbox 93 2626 259 2692; x_wconf 89' lang='lat' dir='ltr'><strong>meantium</strong></span> <span class='ocrx_word' id='word_1_198' title='bbox 275 2626 495 2690; x_wconf 88' lang='lat' dir='ltr'><strong>Centurionum</strong></span> <span class='ocrx_word' id='word_1_199' title='bbox 519 2627 708 2712; x_wconf 88' lang='lat' dir='ltr'><strong>militumque</strong></span> <span class='ocrx_word' id='word_1_200' title='bbox 731 2627 909 2692; x_wconf 87' lang='lat' dir='ltr'><strong>emebantur</strong></span> <span class='ocrx_word' id='word_1_201' title='bbox 930 2627 1043 2692; x_wconf 83' lang='lat' dir='ltr'><strong>animi:</strong></span> <span class='ocrx_word' id='word_1_202' title='bbox 1065 2643 1099 2694; x_wconf 93' lang='lat' dir='ltr'><strong>ut</strong></span> 
     </span>
     <span class='ocr_line' id='line_1_29' title="bbox 94 2713 1099 2798; baseline 0.001 -19"><span class='ocrx_word' id='word_1_203' title='bbox 94 2714 254 2798; x_wconf 79' lang='lat' dir='ltr'><strong>(flagitium</strong></span> <span class='ocrx_word' id='word_1_204' title='bbox 270 2714 471 2798; x_wconf 84' lang='lat' dir='ltr'><strong>incognitum)</strong></span> <span class='ocrx_word' id='word_1_205' title='bbox 485 2713 644 2778; x_wconf 88' lang='lat' dir='ltr'><strong>Romanus</strong></span> <span class='ocrx_word' id='word_1_206' title='bbox 660 2715 812 2778; x_wconf 83' lang='lat' dir='ltr'><strong>exercitus</strong></span> <span class='ocrx_word' id='word_1_207' title='bbox 823 2715 852 2778; x_wconf 90' lang='lat' dir='ltr'><strong>in</strong></span> <span class='ocrx_word' id='word_1_208' title='bbox 866 2727 991 2778; x_wconf 85' lang='lat' dir='ltr'><strong>externa</strong></span> <span class='ocrx_word' id='word_1_209' title='bbox 1005 2715 1099 2782; x_wconf 85' lang='lat' dir='ltr'><strong>rerba</strong></span> 
     </span>
     <span class='ocr_line' id='line_1_30' title="bbox 89 2799 1101 2890; baseline -0.003 -23"><span class='ocrx_word' id='word_1_210' title='bbox 89 2802 235 2890; x_wconf 85' lang='lat' dir='ltr'><strong>jurarent,</strong></span> <span class='ocrx_word' id='word_1_211' title='bbox 252 2802 422 2887; x_wconf 88' lang='lat' dir='ltr'><strong>pignusque</strong></span> <span class='ocrx_word' id='word_1_212' title='bbox 447 2803 519 2866; x_wconf 88' lang='lat' dir='ltr'><strong>tanti</strong></span> <span class='ocrx_word' id='word_1_213' title='bbox 542 2801 665 2866; x_wconf 88' lang='lat' dir='ltr'><strong>sceleris</strong></span> <span class='ocrx_word' id='word_1_214' title='bbox 688 2821 764 2866; x_wconf 90' lang='lat' dir='ltr'><strong>nece</strong></span> <span class='ocrx_word' id='word_1_215' title='bbox 780 2815 830 2865; x_wconf 90' lang='lat' dir='ltr'><strong>aut</strong></span> <span class='ocrx_word' id='word_1_216' title='bbox 847 2801 974 2866; x_wconf 83' lang='lat' dir='ltr'><strong>vinculis</strong></span> <span class='ocrx_word' id='word_1_217' title='bbox 996 2799 1101 2885; x_wconf 86' lang='lat' dir='ltr'><strong>Lega-</strong></span> 
     </span>
     <span class='ocr_line' id='line_1_31' title="bbox 93 2886 1099 2973; baseline -0.002 -19"><span class='ocrx_word' id='word_1_218' title='bbox 93 2905 193 2954; x_wconf 92' lang='lat' dir='ltr'><strong>torum</strong></span> <span class='ocrx_word' id='word_1_219' title='bbox 208 2888 339 2954; x_wconf 86' lang='lat' dir='ltr'><strong>daretur.</strong></span> <span class='ocrx_word' id='word_1_220' title='bbox 385 2886 514 2967; x_wconf 87' lang='lat' dir='ltr'><strong>Vocula,</strong></span> <span class='ocrx_word' id='word_1_221' title='bbox 531 2909 703 2973; x_wconf 90' lang='lat' dir='ltr'><strong>quanquam</strong></span> <span class='ocrx_word' id='word_1_222' title='bbox 720 2887 854 2973; x_wconf 89' lang='lat' dir='ltr'><strong>plerique</strong></span> <span class='ocrx_word' id='word_1_223' title='bbox 870 2887 971 2972; x_wconf 85' lang='lat' dir='ltr'><strong>sugam</strong></span> <span class='ocrx_word' id='word_1_224' title='bbox 987 2889 1099 2952; x_wconf 87' lang='lat' dir='ltr'><strong>suade·</strong></span> 
     </span>
     <span class='ocr_line' id='line_1_32' title="bbox 92 2974 1096 3055; baseline -0.001 -14"><span class='ocrx_word' id='word_1_225' title='bbox 92 2977 176 3055; x_wconf 89' lang='lat' dir='ltr'><strong>baut,</strong></span> <span class='ocrx_word' id='word_1_226' title='bbox 199 2977 373 3040; x_wconf 86' lang='lat' dir='ltr'><strong>audendum</strong></span> <span class='ocrx_word' id='word_1_227' title='bbox 395 2989 487 3055; x_wconf 88' lang='lat' dir='ltr'><strong>ratus,</strong></span> <span class='ocrx_word' id='word_1_228' title='bbox 504 2974 613 3040; x_wconf 68' lang='lat' dir='ltr'><strong>vocati</strong></span> <span class='ocrx_word' id='word_1_229' title='bbox 634 2975 792 3053; x_wconf 88' lang='lat' dir='ltr'><strong>concione,</strong></span> <span class='ocrx_word' id='word_1_230' title='bbox 814 2975 844 3038; x_wconf 91' lang='lat' dir='ltr'><strong>in</strong></span> <span class='ocrx_word' id='word_1_231' title='bbox 867 2975 951 3039; x_wconf 90' lang='lat' dir='ltr'><strong>hunc</strong></span> <span class='ocrx_word' id='word_1_232' title='bbox 973 2974 1096 3040; x_wconf 86' lang='lat' dir='ltr'><strong>modurn</strong></span> 
     </span>
     <span class='ocr_line' id='line_1_33' title="bbox 93 3064 242 3128; baseline -0.007 -1"><span class='ocrx_word' id='word_1_233' title='bbox 93 3064 242 3128; x_wconf 85' lang='lat' dir='ltr'><strong>disseruit.</strong></span> 
     </span>
    </p>

    <p class='ocr_par' dir='ltr' id='par_1_4' title="bbox 86 3145 1099 3843">
     <span class='ocr_line' id='line_1_34' title="bbox 136 3145 1098 3235; baseline -0.001 -22"><span class='ocrx_word' id='word_1_234' title='bbox 136 3148 258 3213; x_wconf 86' lang='lat' dir='ltr'><strong>LVlll.</strong></span> <span class='ocrx_word' id='word_1_235' title='bbox 282 3149 468 3235; x_wconf 86' lang='lat' dir='ltr'><strong>‘Nunquam</strong></span> <span class='ocrx_word' id='word_1_236' title='bbox 491 3148 570 3234; x_wconf 85' lang='lat' dir='ltr'><strong>apud</strong></span> <span class='ocrx_word' id='word_1_237' title='bbox 588 3169 641 3212; x_wconf 88' lang='lat' dir='ltr'><strong>vos</strong></span> <span class='ocrx_word' id='word_1_238' title='bbox 658 3147 750 3212; x_wconf 86' lang='lat' dir='ltr'><strong>verba</strong></span> <span class='ocrx_word' id='word_1_239' title='bbox 773 3145 842 3226; x_wconf 85' lang='lat' dir='ltr'><strong>leci,</strong></span> <span class='ocrx_word' id='word_1_240' title='bbox 865 3161 917 3212; x_wconf 90' lang='lat' dir='ltr'><strong>aut</strong></span> <span class='ocrx_word' id='word_1_241' title='bbox 942 3147 1098 3233; x_wconf 86' lang='lat' dir='ltr'><strong>provehis</strong></span> 
     </span>
     <span class='ocr_line' id='line_1_35' title="bbox 92 3234 1098 3321; baseline -0.002 -19"><span class='ocrx_word' id='word_1_242' title='bbox 92 3236 253 3313; x_wconf 89' lang='lat' dir='ltr'><strong>sollicitior,</strong></span> <span class='ocrx_word' id='word_1_243' title='bbox 270 3249 320 3300; x_wconf 91' lang='lat' dir='ltr'><strong>aut</strong></span> <span class='ocrx_word' id='word_1_244' title='bbox 337 3258 392 3321; x_wconf 87' lang='lat' dir='ltr'><strong>pro</strong></span> <span class='ocrx_word' id='word_1_245' title='bbox 408 3258 457 3300; x_wconf 89' lang='lat' dir='ltr'><strong>me</strong></span> <span class='ocrx_word' id='word_1_246' title='bbox 473 3235 616 3300; x_wconf 91' lang='lat' dir='ltr'><strong>securior.</strong></span> <span class='ocrx_word' id='word_1_247' title='bbox 663 3234 745 3298; x_wconf 88' lang='lat' dir='ltr'><strong>Nam</strong></span> <span class='ocrx_word' id='word_1_248' title='bbox 762 3235 972 3298; x_wconf 79' lang='lat' dir='ltr'><strong>mihiesitium</strong></span> <span class='ocrx_word' id='word_1_249' title='bbox 990 3236 1098 3320; x_wconf 85' lang='lat' dir='ltr'><strong>parari,</strong></span> 
     </span>
     <span class='ocr_line' id='line_1_36' title="bbox 91 3322 1098 3408; baseline 0 -20"><span class='ocrx_word' id='word_1_250' title='bbox 91 3323 189 3388; x_wconf 91' lang='lat' dir='ltr'><strong>libens</strong></span> <span class='ocrx_word' id='word_1_251' title='bbox 205 3322 313 3386; x_wconf 89' lang='lat' dir='ltr'><strong>audio:</strong></span> <span class='ocrx_word' id='word_1_252' title='bbox 338 3337 529 3408; x_wconf 87' lang='lat' dir='ltr'><strong>mortemque</strong></span> <span class='ocrx_word' id='word_1_253' title='bbox 552 3322 581 3386; x_wconf 91' lang='lat' dir='ltr'><strong>in</strong></span> <span class='ocrx_word' id='word_1_254' title='bbox 605 3336 649 3386; x_wconf 91' lang='lat' dir='ltr'><strong>tot</strong></span> <span class='ocrx_word' id='word_1_255' title='bbox 664 3323 751 3386; x_wconf 89' lang='lat' dir='ltr'><strong>malis</strong></span> <span class='ocrx_word' id='word_1_256' title='bbox 767 3322 935 3400; x_wconf 90' lang='lat' dir='ltr'><strong>honestam,</strong></span> <span class='ocrx_word' id='word_1_257' title='bbox 958 3337 992 3388; x_wconf 94' lang='lat' dir='ltr'><strong>nt</strong></span> <span class='ocrx_word' id='word_1_258' title='bbox 1005 3323 1098 3388; x_wconf 88' lang='lat' dir='ltr'><strong>finem</strong></span> 
     </span>
     <span class='ocr_line' id='line_1_37' title="bbox 89 3407 1099 3496; baseline -0.002 -21"><span class='ocrx_word' id='word_1_259' title='bbox 89 3409 288 3486; x_wconf 90' lang='lat' dir='ltr'><strong>miseriarum,</strong></span> <span class='ocrx_word' id='word_1_260' title='bbox 316 3424 459 3494; x_wconf 87' lang='lat' dir='ltr'><strong>expecto.</strong></span> <span class='ocrx_word' id='word_1_261' title='bbox 485 3407 610 3474; x_wconf 70' lang='lat' dir='ltr'><strong>¹Vestri</strong></span> <span class='ocrx_word' id='word_1_262' title='bbox 635 3431 686 3472; x_wconf 89' lang='lat' dir='ltr'><strong>me</strong></span> <span class='ocrx_word' id='word_1_263' title='bbox 707 3408 802 3496; x_wconf 91' lang='lat' dir='ltr'><strong>pudet</strong></span> <span class='ocrx_word' id='word_1_264' title='bbox 828 3409 1023 3494; x_wconf 87' lang='lat' dir='ltr'><strong>miseretque,</strong></span> <span class='ocrx_word' id='word_1_265' title='bbox 1043 3409 1099 3474; x_wconf 90' lang='lat' dir='ltr'><strong>ad·</strong></span> 
     </span>
     <span class='ocr_line' id='line_1_38' title="bbox 90 3495 1098 3581; baseline 0 -20"><span class='ocrx_word' id='word_1_266' title='bbox 90 3495 194 3561; x_wconf 84' lang='lat' dir='ltr'><strong>versirs</strong></span> <span class='ocrx_word' id='word_1_267' title='bbox 221 3516 296 3581; x_wconf 90' lang='lat' dir='ltr'><strong>quos</strong></span> <span class='ocrx_word' id='word_1_268' title='bbox 323 3517 382 3558; x_wconf 90' lang='lat' dir='ltr'><strong>non</strong></span> <span class='ocrx_word' id='word_1_269' title='bbox 411 3495 545 3580; x_wconf 79' lang='lat' dir='ltr'><strong>pralium</strong></span> <span class='ocrx_word' id='word_1_270' title='bbox 568 3510 599 3560; x_wconf 91' lang='lat' dir='ltr'><strong>et</strong></span> <span class='ocrx_word' id='word_1_271' title='bbox 619 3497 699 3560; x_wconf 88' lang='lat' dir='ltr'><strong>acies</strong></span> <span class='ocrx_word' id='word_1_272' title='bbox 727 3510 880 3580; x_wconf 87' lang='lat' dir='ltr'><strong>parantur,</strong></span> <span class='ocrx_word' id='word_1_273' title='bbox 902 3495 931 3559; x_wconf 91' lang='lat' dir='ltr'><strong>id</strong></span> <span class='ocrx_word' id='word_1_274' title='bbox 955 3496 1036 3559; x_wconf 90' lang='lat' dir='ltr'><strong>enim</strong></span> <span class='ocrx_word' id='word_1_275' title='bbox 1053 3495 1098 3561; x_wconf 82' lang='lat' dir='ltr'><strong>sas</strong></span> 
     </span>
     <span class='ocr_line' id='line_1_39' title="bbox 88 3580 1099 3668; baseline -0.001 -20"><span class='ocrx_word' id='word_1_276' title='bbox 88 3603 239 3648; x_wconf 88' lang='lat' dir='ltr'><strong>armorum</strong></span> <span class='ocrx_word' id='word_1_277' title='bbox 255 3597 286 3648; x_wconf 92' lang='lat' dir='ltr'><strong>et</strong></span> <span class='ocrx_word' id='word_1_278' title='bbox 308 3581 358 3668; x_wconf 87' lang='lat' dir='ltr'><strong>jus</strong></span> <span class='ocrx_word' id='word_1_279' title='bbox 382 3583 523 3646; x_wconf 88' lang='lat' dir='ltr'><strong>hostium.</strong></span> <span class='ocrx_word' id='word_1_280' title='bbox 569 3583 693 3646; x_wconf 88' lang='lat' dir='ltr'><strong>Bellum</strong></span> <span class='ocrx_word' id='word_1_281' title='bbox 715 3605 785 3648; x_wconf 92' lang='lat' dir='ltr'><strong>cum</strong></span> <span class='ocrx_word' id='word_1_282' title='bbox 809 3581 931 3668; x_wconf 88' lang='lat' dir='ltr'><strong>Populo</strong></span> <span class='ocrx_word' id='word_1_283' title='bbox 953 3580 1099 3648; x_wconf 87' lang='lat' dir='ltr'><strong>Romano</strong></span> 
     </span>
     <span class='ocr_line' id='line_1_40' title="bbox 86 3668 1093 3756; baseline 0 -22"><span class='ocrx_word' id='word_1_284' title='bbox 86 3673 192 3735; x_wconf 79' lang='lat' dir='ltr'><strong>vestris</strong></span> <span class='ocrx_word' id='word_1_285' title='bbox 207 3691 240 3734; x_wconf 92' lang='lat' dir='ltr'><strong>se</strong></span> <span class='ocrx_word' id='word_1_286' title='bbox 264 3670 401 3734; x_wconf 89' lang='lat' dir='ltr'><strong>manibus</strong></span> <span class='ocrx_word' id='word_1_287' title='bbox 424 3685 587 3754; x_wconf 87' lang='lat' dir='ltr'><strong>gesturum,</strong></span> <span class='ocrx_word' id='word_1_288' title='bbox 611 3668 766 3734; x_wconf 88' lang='lat' dir='ltr'><strong>Classicus</strong></span> <span class='ocrx_word' id='word_1_289' title='bbox 781 3683 892 3756; x_wconf 89' lang='lat' dir='ltr'><strong>sperat,</strong></span> <span class='ocrx_word' id='word_1_290' title='bbox 909 3669 1093 3754; x_wconf 84' lang='lat' dir='ltr'><strong>Imperium·</strong></span> 
     </span>
     <span class='ocr_line' id='line_1_41' title="bbox 87 3754 1090 3843; baseline 0 -23"><span class='ocrx_word' id='word_1_291' title='bbox 87 3778 146 3843; x_wconf 89' lang='lat' dir='ltr'><strong>que</strong></span> <span class='ocrx_word' id='word_1_292' title='bbox 169 3770 199 3822; x_wconf 87' lang='lat' dir='ltr'><strong>et</strong></span> <span class='ocrx_word' id='word_1_293' title='bbox 221 3770 444 3822; x_wconf 85' lang='lat' dir='ltr'><strong>sacramentnm</strong></span> <span class='ocrx_word' id='word_1_294' title='bbox 468 3754 635 3821; x_wconf 82' lang='lat' dir='ltr'><strong>Galliarum</strong></span> <span class='ocrx_word' id='word_1_295' title='bbox 665 3771 807 3823; x_wconf 86' lang='lat' dir='ltr'><strong>ostentet.</strong></span> <span class='ocrx_word' id='word_1_296' title='bbox 853 3756 945 3822; x_wconf 77' lang='lat' dir='ltr'><strong>Adeo</strong></span> <span class='ocrx_word' id='word_1_297' title='bbox 974 3777 1041 3838; x_wconf 90' lang='lat' dir='ltr'><strong>nos,</strong></span> <span class='ocrx_word' id='word_1_298' title='bbox 1063 3757 1090 3820; x_wconf 91' lang='lat' dir='ltr'><strong>si</strong></span> 
     </span>
    </p>
   </div>
   <div class='ocr_carea' id='block_1_3' title="bbox 0 0 1246 4316">
    <p class='ocr_par' dir='ltr' id='par_1_5' title="bbox 0 0 1246 4316">
     <span class='ocr_line' id='line_1_42' title="bbox 0 0 1246 4316; baseline 0 0"><span class='ocrx_word' id='word_1_299' title='bbox 0 0 1246 4316; x_wconf 95' lang='lat' dir='ltr'><strong> </strong></span> 
     </span>
    </p>
   </div>
  </div>
 </body>
</html>
