2514 4318
107 207 171 272 200
430 199 472 264 Ο.
495 157 610 264 Corra.¹
628 145 785 264 Tm&
807 147 811 154 Ι
905 145 927 156 ἡ

100 371 156 435 bus
173 389 250 432 nora
266 379 359 454 nupta
370 380 529 444 comatur3
552 365 605 429 sed
622 366 714 430 boves
731 379 762 428 et
778 364 930 430 sraenatum
947 370 1058 452 eq‘uum
1077 383 1113 433 et

100 471 220 520 scutum
232 478 302 518 cum
321 452 433 517 sramed
444 453 615 538 gladioque.
661 451 696 514 ln
713 453 777 515 hac
793 464 916 516 muliera
932 476 1010 518 uxor
1027 448 1113 520 acci·

100 544 201 629 pitur3
225 558 313 626 atque
326 541 455 603 invicem
470 541 534 622 ipsa
546 559 697 602 armorum
713 539 823 623 aliquid
837 542 901 602 viro
916 542 1022 604 affert:
1048 543 1112 606 hoc

101 632 268 694 maximum
286 626 451 774 vinpplum,
463 627 526 688 lraec
543 647 651 688 arcana
663 645 758 702 sacra,
769 627 823 688 bos
834 628 1008 711 conjugales
1020 627 1112 691 Deos

101 717 290 780 arbitrantur.
369 733 436 776 ese
453 713 559 776 mulier
573 727 659 775 extra
676 713 818 774 virtutum
839 714 1035 792 cogitationes
1051 735 1112 777 cx·

102 817 208 886 traque
236 800 383 862 bellorum
406 821 493 862 casus
515 811 610 884 putet,
636 799 707 882 ipsis
734 799 901 882 incipientis
929 801 1111 864 matrimonii

101 887 242 971 auspiciis
259 887 450 963 admonetur,
462 887 564 948 venire
579 907 612 948 se
628 885 764 948 laborum
773 885 1043 971 ,periculorumque
1059 909 1111 952 so-

101 975 191 1049 ciam,
208 972 289 1035 idem
306 973 334 1036 in
353 994 440 1057 pace,
457 973 537 1034 idem
554 973 581 1034 in
599 972 700 1053 praelio
715 993 867 1055 passuram
885 994 1112 1058 ausuramque:

101 1062 160 1124 hoc
172 1059 267 1146 juncti
285 1059 388 1134 boves,
405 1060 462 1121 hoc
478 1073 599 1144 paratus
611 1079 717 1142 equus
735 1059 792 1120 hcc
808 1057 877 1120 data
894 1081 976 1122 arma
992 1060 1113 1123 denun-

101 1149 185 1211 tiant.
234 1145 286 1209 Sic
309 1146 484 1221 vivendum,
508 1145 552 1208 sic
573 1145 782 1228 pereundum:
814 1145 950 1228 accipere
973 1167 1017 1224 se,
1039 1145 1110 1231 'qua

100 1234 201 1297 liberis
217 1232 357 1294 inviolata
379 1253 414 1294 ac
429 1232 521 1312 digna
536 1232 651 1308 reddat,
674 1252 739 1315 quae
756 1252 846 1295 nurus
862 1232 1023 1316 accipiant,
1047 1255 1114 1297 rur·

101 1342 213 1404 susque
230 1319 267 1381 ad
284 1332 412 1402 nepotas
428 1317 569 1381 referant.

147 1405 240 1470 XlX.
265 1403 350 1486 Ergo
365 1419 459 1490 scptae
475 1403 618 1489 pudicitia
632 1419 734 1486 agunt,
757 1405 845 1467 nullis
865 1407 1112 1489 spectaculorum

101 1493 260 1570 illecebris,
277 1493 365 1554 nullis
381 1491 588 1555 conviviorum
603 1491 813 1554 irritationibus
828 1507 986 1576 corrupta.
1025 1492 1115 1556 Lite·

103 1603 202 1644 rarum
220 1595 336 1642 secreta
347 1579 398 1641 viri
416 1578 525 1663 pariter
540 1599 575 1641 ac
590 1577 721 1640 soeminae
737 1579 884 1660 ignorant.
923 1578 1114 1643 Paucissima

103 1668 133 1730 in
150 1682 212 1730 tam
229 1664 390 1729 numerosi
405 1680 496 1748 gente
512 1665 676 1743 adulteria3
700 1685 826 1748 quorum
851 1685 941 1748 poena
969 1687 1112 1750 praesem,

104 1769 134 1819 et
146 1755 258 1817 maritis
276 1753 431 1836 permissa.
473 1752 588 1814 Accisis
603 1752 743 1828 crinibus,
756 1751 910 1828 nudatam,
922 1774 1024 1815 coram
1041 1774 1112 1838 pro·

104 1841 236 1924 pinquis,
259 1839 385 1922 expellit
402 1839 493 1900 domo
509 1839 642 1914 maritus,
664 1857 699 1900 ao
720 1859 910 1922 peromnem
928 1840 1027 1902 vicum
1044 1861 1114 1904 ver·

102 1925 175 1989 bere
192 1926 271 2007 agit:
296 1925 453 2008 publicata
469 1925 549 1987 enim
567 1924 717 2008 pudicitiae
744 1923 826 1987 nulla
842 1926 949 1987 venia:
974 1947 1035 1988 non
1051 1925 1112 1990 sor-

102 2011 164 2090 md,
180 2033 240 2073 non
253 2025 352 2088 atate,
363 2033 423 2073 non
436 2011 544 2094 opibus
560 2012 699 2074 maritum
716 2011 874 2075 invenerit.
913 2010 1016 2074 Nemo
1028 2013 1110 2076 enim

102 2097 164 2162 illic
182 2099 250 2162 vitia
267 2097 361 2160 ridet:
386 2119 454 2174 nec,
470 2117 664 2181 corrumpere
681 2110 712 2159 et
723 2098 885 2181 corrumpi,
901 2099 1045 2162 saeculum
1058 2121 1111 2164 vo·

103 2200 199 2250 catur.
245 2183 356 2248 Melius
373 2184 495 2268 quidem
511 2185 610 2248 adhuc
627 2205 669 2247 eae
684 2185 833 2260 civitates,
861 2185 889 2246 in
920 2186 1029 2269 quibus
1044 2199 1111 2250 tan-

102 2273 167 2337 tltm
183 2273 310 2355 virgines
322 2272 449 2348 nubunt,
462 2285 492 2336 ct
506 2293 575 2334 cum
588 2292 641 2356 spe
655 2285 785 2355 votoque
798 2271 900 2334 uxoris
917 2272 1013 2334 semel
1029 2285 1111 2336 tran-

103 2361 217 2442 sigitur.
263 2357 315 2421 Sic
341 2379 433 2420 unum
464 2359 616 2442 accipiunt
640 2359 791 2434 maritum,
817 2379 876 2441 quo
900 2359 991 2420 modo
1013 2381 1109 2422 unum

102 2467 211 2530 corpus
227 2465 379 2528 unamque
395 2445 495 2522 vitam,
523 2465 561 2506 ne
584 2444 645 2506 ulla
668 2444 810 2525 cogitatio
826 2443 918 2519 ultra,
938 2465 976 2506 ne
992 2445 1112 2528 longior

103 2533 262 2616 cupiditaS,
275 2551 313 2591 ne
330 2545 471 2613 tanquam
489 2531 702 2607 maritum,sed
719 2547 860 2614 tanquam
875 2531 1110 2610 matrimonium,

104 2633 215 2683 ament.
262 2613 431 2678 Numerum
449 2617 608 2679 liberorum
624 2617 720 2694 finire,
745 2632 795 2679 aut
812 2638 984 2700 quenquam
1000 2639 1041 2680 ex
1057 2639 1110 2701 ag·

101 2706 179 2770 natis
195 2723 314 2778 necare,
328 2702 472 2784 flagitium
490 2703 635 2766 babetur:
659 2704 787 2788 plusque
803 2704 843 2767 ibi
859 2705 928 2766 boni
945 2725 1045 2769 mores
1056 2726 1109 2768 ra·

103 2792 177 2868 lent,
215 2789 283 2852 calm
300 2789 370 2852 alibi
387 2791 470 2852 bonae
486 2789 581 2872 leges.

146 2813 225 2943 Xli.
250 2875 285 2939 ln
301 2877 382 2939 omni
399 2877 490 2940 domo
505 2876 576 2940 nudi
593 2898 628 2940 ac
640 2877 762 2954 sordidi,
775 2877 803 2939 in
821 2875 875 2940 hos
889 2891 983 2955 artus,
997 2879 1026 2941 in
1043 2876 1109 2944 haec

102 2987 241 3051 corpora,
268 2985 333 3048 qua
350 2964 501 3041 miramur,
526 2977 720 3026 excrescunt.
765 2963 827 3026 Sua
844 2977 996 3050 quemque
1013 2979 1110 3030 mater

104 3055 245 3119 uberibus
261 3051 323 3127 alit,
348 3071 406 3114 nec
429 3051 541 3114 ancillis
568 3071 603 3114 ac
630 3049 793 3113 nutricibus
808 3050 996 3130 delegantur.
1042 3051 1109 3116 Do-

103 3143 218 3206 minum
235 3159 271 3201 ac
286 3159 405 3200 servum
422 3137 510 3200 nullis
524 3137 709 3200 educationis
725 3136 838 3200 deliciis
854 3138 1023 3219 dignoscas
1058 3137 1109 3202 ln-

104 3243 151 3294 ter
166 3228 273 3290 eadem
287 3245 408 3308 pecora,
424 3225 453 3286 in
471 3223 578 3286 eidem
595 3225 689 3286 humo
704 3224 837 3304 degunt:
860 3224 958 3288 donec
974 3239 1045 3288 atas
1059 3246 1108 3289 se-

104 3328 191 3401 paret
217 3313 372 3393 ingenuos,
401 3311 492 3374 virtus
519 3324 672 3392 agnoscat.
719 3310 794 3373 Sera
812 3310 961 3396 juvenum
982 3311 1108 3392 Venus;

104 3401 203 3485 abque
228 3399 405 3462 inexhausta
430 3398 588 3480 pubertas:
613 3419 670 3460 nec
687 3396 814 3480 virgines
834 3397 1033 3476 festinantur3
1056 3419 1108 3462 ea-

105 3489 175 3552 dem
188 3484 323 3570 juventa,
351 3484 454 3546 similis
479 3485 659 3566 proceritas:
686 3504 771 3568 pares
788 3484 954 3569 validaeque
980 3485 1109 3550 miscen-

104 3589 172 3650 tur3
202 3593 238 3634 ac
261 3571 366 3633 robora
394 3567 549 3654 palantum
577 3571 659 3634 liberi
686 3568 829 3634 referunt.
876 3571 1018 3634 Sororum
1041 3573 1108 3636 tiliis

104 3663 185 3728 idem
202 3657 282 3742 apud
299 3657 490 3733 avunculum,
514 3659 564 3742 qui
580 3657 660 3741 apud
687 3671 802 3740 patrem
821 3658 925 3721 honor.
971 3657 1109 3732 Quidam

105 3747 286 3814 sanctiorem
302 3743 520 3828 arctioremque
536 3745 616 3808 hunc
628 3765 743 3808 nexum
759 3745 909 3830 sanguinis
921 3745 1109 3826 arbitrantur,

73 3951 83 3986 l
921 3985 923 3992 .

46 3997 102 4038 '⁴
159 4025 199 4058 ω
270 4017 513 4066 nasein
569 4043 572 4050 ·
630 4023 722 4070 tnr-
794 4047 832 4073 -,
1057 4031 1104 4066 ψ.
