2560 4258
154 233 194 292 10
457 227 498 296 C.
514 227 624 298 Conn.
640 227 764 297 Tacina
942 233 994 318 [A.
1011 231 1054 300 U.
1072 235 1170 302 822.

152 392 199 476 pis
221 393 408 476 exemplum.
453 391 519 457 Nos
541 395 622 458 bello
637 410 668 458 et
687 397 725 459 ab
740 395 952 460 estimantibus
968 399 1063 477 asciti,
1082 419 1171 464 cum

151 479 273 554 invidiai,
297 481 433 563 quamvis
456 483 577 562 egregii,
600 483 720 545 erimus.
766 481 816 545 Ne
833 499 933 546 tamen
950 487 1069 548 territus
1087 485 1168 550 sue·

152 565 201 641 ris,
228 567 252 627 si
278 566 344 628 duc
371 567 505 648 legiones
528 569 556 630 in
583 569 640 630 hoc
661 569 799 631 concussi
814 571 893 632 orbis
914 585 997 633 motu
1013 573 1167 636 noudum

151 653 320 736 quiescunt.
367 651 416 714 Ne
439 654 504 736 ipse
528 653 648 736 quidem
673 655 709 716 ed
733 677 853 718 securas
875 677 922 717 res
945 659 1078 720 accessi:
1115 672 1167 735 et,

151 737 254 802 auditi
277 738 449 821 adoptione,
473 739 606 802 desinam
626 741 717 803 videri
740 763 834 804 senex
846 763 855 818 ;
885 743 964 826 quod
981 765 1060 806 nunc
1079 744 1166 807 mibi

151 845 245 886 unum
261 823 408 909 objicitur.
455 823 539 886 Nero
555 848 571 886 a
590 828 717 908 pessimo
734 849 854 910 quoque
865 849 986 911 semper
998 829 1165 894 desidera-

151 909 249 974 bitur:
274 912 345 974 mihi
362 933 397 973 ac
413 910 465 973 tibi
482 912 700 994 providendum
724 929 780 990 est,
803 935 841 976 ne
857 914 947 976 etiam
963 936 981 977 a
996 914 1082 978 bonis
1100 916 1163 978 de-

151 996 309 1059 sideretur.
367 996 494 1060 Monere
524 998 645 1074 diutitis,
675 1021 775 1082 neque
805 1001 948 1082 temporis
978 1000 1084 1084 hujus3
1123 1016 1161 1066 et

151 1082 310 1164 impierum
334 1097 380 1146 est
401 1105 491 1145 omne
513 1085 682 1161 consilinm,
704 1087 728 1148 si
744 1099 774 1148 te
790 1086 868 1148 bene
884 1086 973 1166 elegi.
1018 1085 1159 1151 Utilissi-

151 1189 279 1252 musque
302 1169 382 1232 idern
405 1191 440 1232 ac
463 1170 654 1232 brevissimos
671 1171 813 1234 bonarum
830 1172 1036 1256 malarumque
1049 1193 1157 1239 rerum

151 1254 287 1317 delectus
310 1271 367 1333 est,
389 1256 531 1337 cogitare,
555 1257 626 1340 quid
641 1271 692 1319 aut
706 1257 833 1320 volueris
848 1259 904 1320 sub
919 1257 978 1320 alio
994 1257 1155 1342 Principe,

151 1355 204 1403 aut
216 1342 356 1404 nolueris.
402 1341 513 1426 Neque
529 1344 608 1404 enirn
625 1340 684 1419 hic,
700 1358 733 1405 ut
749 1344 778 1406 in
794 1345 902 1406 ceteris
917 1344 1066 1423 gentibus,
1083 1367 1154 1429 quae

150 1442 324 1508 regnantur,
349 1443 431 1490 certa
454 1427 641 1490 dominorum
665 1430 782 1505 domus,
806 1445 836 1492 et
854 1430 947 1492 ceteri
963 1431 1062 1492 servi:
1094 1431 1153 1494 sed

150 1513 350 1596 imperaturus
373 1536 406 1576 es
429 1515 608 1590 hominibus,
632 1516 682 1599 qui
705 1535 762 1578 neo
784 1530 877 1578 totam
895 1517 1070 1578 servitutem
1088 1517 1153 1601 pati

150 1616 287 1684 possunt,
304 1622 360 1664 nec
375 1616 468 1663 totam
485 1601 675 1663 libertatem!
722 1601 764 1664 Et
780 1601 877 1664 Galba
894 1601 1014 1686 quidem
1032 1603 1150 1666 haecne

150 1687 231 1764 talia,
245 1705 385 1773 tanquam
397 1687 569 1772 Principem
580 1687 707 1766 saceret3
729 1689 823 1752 ceteri
835 1703 975 1773 tanquam
987 1709 1058 1752 cum
1068 1687 1150 1755 sacto

150 1771 360 1857 loquebantur.

196 1857 305 1921 XVll.
330 1861 484 1938 Pisonem,
497 1861 606 1938 serunt,
621 1863 720 1925 statim
734 1863 929 1938 intuentibus,
945 1876 976 1926 et
988 1885 1061 1926 mox
1072 1884 1147 1926 con·

147 1945 237 2030 jectis
260 1947 288 2007 in
306 1967 375 2008 enm
391 1949 524 2008 omnium
540 1949 645 2022 oculis,
664 1950 777 2011 nullum
794 1951 902 2013 turbati
919 1965 969 2010 aut
985 1949 1147 2011 exultantis

150 2031 242 2094 animi
265 2046 379 2094 motum
404 2033 578 2114 prodidisse.
625 2032 732 2094 Sermo
754 2054 825 2111 erga
850 2050 963 2115 patrem
981 2033 1146 2113 Imperato-

150 2139 275 2201 remque
291 2139 443 2194 reverens,
456 2119 494 2179 de
509 2137 542 2178 se
558 2117 740 2193 moderatus,
752 2119 824 2179 nihil
841 2119 869 2178 in
887 2118 969 2179 vultu
984 2118 1146 2199 habituque

151 2219 321 2282 mutatum3
355 2204 437 2288 quasi
468 2203 615 2285 imperare
652 2217 753 2285 posset
784 2201 888 2283 magis,
920 2201 1009 2286 quim
1041 2203 1142 2266 vellet.

151 2289 364 2354 Consultatum
389 2290 469 2365 inde,
493 2297 563 2371 ‘pro
579 2290 688 2364 rostris,
705 2311 741 2350 an
758 2289 786 2350 in
804 2289 930 2364 Senatu,
946 2309 983 2350 an
1000 2288 1144 2354 incastris

151 2377 274 2460 adoptio
296 2375 540 2458 nuncuparetur)
587 2374 642 2435 ‘lri
659 2376 687 2436 in
703 2375 820 2450 castra,’
839 2374 968 2457 placuit:
993 2374 1144 2438 ‘honorifi-

151 2485 220 2528 cum
245 2465 274 2526 id
300 2463 441 2526 militibus
465 2460 538 2535 sore,
562 2482 688 2544 quorum
713 2460 857 2535 savorem,
881 2475 913 2522 ut
937 2460 1091 2540 largitione
1112 2473 1142 2524 et

152 2551 265 2614 ambitu
278 2551 355 2612 male
368 2548 489 2632 acquiri,
506 2547 544 2608 ita
563 2547 718 2627 perbonas
730 2563 808 2609 artes
825 2547 903 2608 haud
920 2545 1140 2628 spernendum?

152 2635 401 2700 Circumsteterat
418 2633 534 2695 interim
553 2632 693 2714 palatium
712 2633 831 2714 publice
846 2633 1031 2714 expectatio,
1047 2632 1141 2714 magui

151 2725 259 2787 secreti
277 2723 449 2809 impatiens:
482 2731 512 2786 et
528 2717 606 2785 malti
622 2719 783 2784 coercitam
800 2717 909 2781 samem
925 2719 1139 2802 supprimentes

153 2813 314 2890 augebant.

195 2896 317 2960 XVlll.
342 2896 494 2970 Quartum
510 2894 583 2957 Idus
594 2894 762 2971 Januarias,
775 2893 889 2958 soedum
902 2893 1044 2956 imbribus
1056 2892 1139 2969 diem,

151 2985 282 3048 tonitrua
297 2997 328 3046 et
344 2982 458 3064 fulgura
474 2997 505 3044 et
519 2981 660 3045 coelestes
677 2982 763 3044 minae
779 2981 855 3043 ultre
871 2981 990 3042 solitum
1007 2979 1139 3041 turbave-

151 3086 227 3135 rant.
273 3069 477 3131 Observatum
500 3069 529 3130 id
557 3067 718 3151 antiquitus
740 3068 868 3130 comitiis
891 3065 1064 3128 dirimendis
1085 3083 1137 3128 non

151 3157 255 3220 terruit
271 3153 412 3231 Galbam,
425 3153 485 3239 qud
502 3153 598 3216 minus
614 3157 642 3216 in
655 3169 752 3216 castra
769 3165 918 3234 pergeret,
929 3161 1137 3245 contemtorem

151 3244 267 3318 talium,
290 3257 322 3304 ut
346 3241 548 3316 sortuitorun13
579 3260 644 3313 seu,
676 3261 741 3322 quae
764 3238 825 3301 sato
849 3250 981 3309 manent,
1012 3253 1137 3316 quamvis

150 3329 396 3411 significata,non
415 3327 553 3388 vitantur.
600 3325 691 3406 Apud
705 3323 891 3407 frequentem
909 3317 1137 3382 militumconci·
1236 3390 1239 3400 .

151 3437 253 3490 onem,
268 3410 462 3497 lmperatoriia
478 3410 634 3485 brevitate,
651 3409 802 3491 ‘adoptari
814 3429 832 3470 a
843 3428 876 3468 se
893 3405 1047 3480 Pisonem,
1065 3425 1135 3467 more

152 3499 225 3565 Divi
242 3499 371 3581 Augusti
394 3513 424 3561 et
447 3496 591 3579 exemplo
607 3495 735 3570 militari,
758 3515 818 3578 quo
834 3493 878 3556 vir
894 3493 989 3554 virum
1012 3489 1134 3572 legeret,’

152 3587 336 3672 pronuntiat.
385 3585 431 3648 Ac
447 3605 485 3646 ne
498 3582 679 3655 dissimulata
692 3579 799 3642 seditio
812 3580 840 3641 in
856 3576 951 3662 nrejus
965 3576 1135 3654 crederetur,

20 3657 22 3694 ³
106 3715 114 3736 s
153 3673 232 3738 ultrd
248 3685 409 3744 asseverat,
426 3677 434 3707 ‘
443 3685 578 3754 quartam
591 3682 621 3730 et
633 3666 908 3730 duodevicesimam
922 3664 1064 3742 legiones,
1077 3682 1136 3743 pau·

152 3761 196 3826 cis
218 3758 371 3824 seditionis
393 3755 574 3835 auctoribus,
599 3775 658 3819 non
671 3754 748 3819 ultra
760 3751 851 3818 verba
867 3773 902 3816 ac
918 3770 1009 3816 voces
1025 3747 1134 3828 errlsse,
