2556 4446
404 405 449 449 nn
473 383 688 449 Omoemus
711 379 897 448 Drsnooos.
1090 383 1155 450 257

197 539 355 613 XXVlll.
379 543 423 612 Et
445 547 599 614 Messala:
625 545 695 614 Non
718 530 1064 624 reconditauMateme,
1080 569 1153 612 cau·
1262 535 1263 544 ἦ

151 655 201 698 sas
216 637 359 721 requiris:
383 655 441 698 nec
464 650 514 698 aut
535 635 586 698 tibi
603 635 670 720 ipsi,
686 649 737 698 aut
761 635 830 698 huic
847 633 1000 710 Secundo,
1018 634 1065 696 vel
1082 636 1152 699 huic
1262 715 1263 720 η

153 721 242 806 Apro
257 724 383 803 ignotas,
398 721 513 785 etiamsi
534 721 607 784 mihi
630 737 728 806 partes
749 722 905 804 assignatis
928 719 1098 805 pmserendi
1121 721 1152 784 in

152 808 297 884 medium,
314 829 379 893 quae
394 829 500 872 omnes
515 808 670 871 sentimus.
717 807 885 885 Quisenim
903 808 1027 889 ignorat,
1044 815 1074 869 et
1089 805 1153 870 elo·
1261 883 1263 894 1

152 894 305 978 quantiam
323 909 353 956 et
367 905 485 957 ceteras
501 908 580 957 artes
602 894 764 956 descivisse
786 894 825 956 ab
838 892 905 978 ,ista
922 908 1024 956 vetere
1046 891 1151 976 glorib,

151 999 212 1042 uon
227 979 330 1064 inopiis
346 981 511 1057 hominurn,
527 980 581 1044 sed
603 979 719 1042 desidie
735 979 903 1064 juventutis
918 995 949 1044 et
970 978 1154 1063 negligenti&

151 1081 309 1151 parentum
333 1081 364 1129 et
387 1066 545 1130 inscientis
574 1066 806 1172 proripientium
838 1081 869 1130 et
894 1067 1044 1129 oblivione
1063 1066 1153 1129 moris

152 1151 287 1237 antiqui?
311 1175 376 1237 que
388 1153 477 1229 mala,
494 1151 622 1236 primurn
646 1153 675 1214 in
691 1153 764 1216 urbe
780 1161 860 1230 nata,
877 1173 948 1216 mox
966 1173 1020 1236 per
1035 1151 1152 1216 ltaliam

153 1236 230 1316 susa,
247 1238 312 1323 jam
336 1240 365 1302 in
389 1240 556 1323 provincias
578 1253 721 1302 manant:
746 1259 917 1324 quanquam
939 1255 1037 1303 nostra
1067 1239 1153 1302 nobis

151 1325 267 1388 notiora
289 1338 369 1389 sunt.
416 1323 485 1409 Ego
507 1326 546 1388 de
569 1325 644 1388 urbe
661 1339 699 1390 et
721 1325 765 1390 his
789 1327 916 1410 propriis
931 1347 967 1390 ao
985 1325 1152 1389 vernaculis

153 1409 232 1474 vitiis
254 1411 370 1495 loquar,
387 1431 452 1496 quae
475 1427 561 1476 natos
583 1413 684 1476 statim
706 1414 865 1498 excipiunt
887 1428 915 1476 et
945 1433 998 1498 per
1022 1413 1154 1494 singulos

152 1497 246 1560 etatis
261 1499 370 1582 gradus
392 1500 603 1562 cumulantur:
627 1499 650 1562 si
667 1500 746 1582 pride
769 1499 808 1562 de
830 1501 987 1563 severitate
1007 1521 1043 1561 ac
1065 1499 1155 1561 disci-

153 1583 236 1668 plinis
266 1585 424 1670 majorum,
454 1586 534 1648 circa
565 1585 739 1647 educandos
768 1581 1152 1668 formandosque'liberos,

153 1691 251 1753 pauca
282 1673 458 1752 praedixero.
503 1668 573 1730 Jam
605 1669 744 1752 primirm,
768 1689 840 1732 suus
865 1670 975 1752 cuique
999 1669 1086 1746 filius,
1113 1689 1153 1732 ex

152 1754 238 1819 castis
253 1772 376 1837 parente
391 1769 488 1829 natus,
503 1775 562 1816 non
579 1753 608 1816 in
623 1753 704 1816 cellri
718 1768 805 1817 emta
821 1755 953 1831 nutricis,
968 1755 1022 1816 sed
1038 1755 1154 1836 gremio

153 1858 190 1903 ac
206 1840 271 1902 sinu
288 1841 389 1902 matris
404 1839 589 1902 educabatur
599 1859 607 1918 3
630 1839 717 1924 cujus
740 1841 889 1924 precipua
905 1841 969 1903 laus
986 1855 1061 1918 erat,
1077 1841 1153 1904 tueri
1262 1883 1263 1892 κ

153 1925 277 1988 domum
290 1943 320 1989 et
331 1926 474 1988 inservire
486 1925 597 1988 liberis.
643 1924 820 2009 Eligebatur
832 1940 933 1989 autem
945 1927 1044 2013 aliqua
1060 1925 1155 2013 major

153 2025 225 2074 natu
244 2013 420 2094 propinqua,
436 2010 523 2096 cujus
546 2011 679 2094 probatis
693 2013 896 2098 spectatisque
909 2014 1042 2078 moribus
1057 2015 1154 2078 omnis

151 2097 448 2183 cujuspiamsamiliae
463 2099 582 2162 soboles
595 2100 845 2177 committeretur,
856 2121 959 2164 coram
975 2099 1035 2187 qui
1056 2121 1155 2186 oeque

154 2185 255 2248 dicere
271 2182 314 2247 sas
336 2199 411 2261 erat,
428 2185 506 2270 quod
531 2200 619 2270 turpe
642 2187 735 2264 dictu,
761 2207 861 2272 neque
885 2187 997 2264 lacere,
1013 2188 1094 2272 quod
1110 2188 1155 2250 in·

147 2271 315 2335 -boncstum
332 2269 410 2333 lactu
429 2272 590 2336 videretur.
637 2273 757 2336 Aenon
773 2273 872 2336 studia
888 2273 979 2335 modb
994 2283 1153 2356 curasque,

144 2358 209 2421 sed
229 2357 419 2421 remissiones
439 2359 529 2421 etiam
552 2359 693 2442 lususque
718 2379 890 2442 puerorum,
906 2359 1065 2420 sanctitate
1081 2357 1156 2443 qub-

155 2445 226 2508 dam
242 2465 277 2507 ac
295 2443 478 2506 verecundia
492 2445 692 2527 temperabat.
739 2443 792 2506 Sic
807 2441 980 2506 Corneliam
997 2443 1155 2508 Graccho·

156 2551 233 2607 rum,
260 2531 303 2594 sio
330 2530 484 2594 Aureliam
511 2529 650 2609 Cosanis,
677 2530 720 2594 sic
745 2530 847 2593 Atiam
873 2529 1000 2614 Augusti
1028 2545 1154 2595 matrem

156 2616 308 2703 praesoisse
338 2618 566 2682 educationibus
593 2639 630 2681 ac
662 2616 840 2702 produxisse
871 2617 1022 2702 principes
1048 2617 1158 2682 liberos

155 2706 350 2790 accepimusr
373 2727 438 2789 que
461 2703 616 2789 disciplina
636 2726 672 2767 ao
694 2705 836 2768 severitas
858 2703 897 2767 ed
918 2705 1099 2789 pertinebat,
1122 2719 1155 2768 ut

155 2794 271 2855 sincera
288 2807 317 2854 et
333 2792 458 2872 integra,
483 2804 513 2878 et
537 2791 626 2852 nullis
649 2791 842 2873 pravitatibus
865 2791 995 2869 detorta,
1016 2794 1158 2856 uniuscu-

151 2876 263 2962 jusque
280 2892 393 2950 natura,
409 2890 471 2937 toto
486 2875 585 2936 statim
604 2891 726 2958 pectore
749 2877 894 2960 arriperet
910 2892 988 2940 artes
1006 2879 1155 2953 honestas,

156 2976 198 3038 et,
221 2963 284 3023 sive
305 2961 343 3022 ad
360 2981 422 3022 rem
440 2961 607 3036 militarem,
623 2961 693 3024 sive¹
708 2961 745 3024 ad
758 2961 833 3048 juris
848 2962 1016 3039 scientiam,
1038 2965 1102 3026 sive
1118 2963 1156 3026 ad

148 3047 333 3131 eloquentiae
348 3047 480 3109 studium
496 3045 680 3127 inclindsset,
697 3048 725 3112 id
748 3049 845 3112 solum
862 3061 975 3132 ageret,
991 3049 1020 3111 id
1037 3049 1157 3112 univer·

156 3157 222 3198 sum
240 3133 380 3196 hauriret.
716 3149 719 3154 ·

202 3218 331 3284 XXIX.
356 3221 397 3284 At
411 3241 492 3283 nuno
511 3235 598 3286 natus
620 3219 715 3285 inians
730 3221 885 3303 delegatur
905 3219 1052 3284 Graculus
1068 3219 1156 3284 alicui

156 3308 281 3383 ancilla,
303 3307 353 3369 cui
376 3305 545 3390 adjungitur
567 3328 644 3370 unus
666 3322 718 3372 aut
737 3308 812 3371 alter
826 3328 866 3371 ex
888 3308 1027 3370 omnibus
1050 3307 1156 3384 serris,

157 3395 336 3480 plerumque
352 3393 521 3467 vilissimus,
537 3413 594 3456 neo
609 3395 750 3478 cuiquam
766 3393 844 3456 serio
860 3393 1023 3457 ministerio
1038 3413 1158 3457 accom-

158 3481 308 3544 modatus.
356 3477 473 3542 Horum
484 3478 591 3542 sabulis
600 3494 631 3542 et
643 3481 790 3542 erroribus
803 3480 897 3542 teneri
913 3479 1012 3542 statim
1023 3495 1054 3542 et
1067 3479 1158 3544 rudes

157 3569 246 3631 animi
264 3567 456 3629 imbuuntur:
478 3586 535 3628 neo
551 3567 707 3651 quisquam
724 3567 753 3628 in
770 3565 833 3628 totis
848 3565 941 3627 domo
953 3567 1035 3649 pensi
1052 3567 1156 3643 habet,

147 3653 230 3740 ¹quid
250 3675 352 3716 coram
376 3649 489 3714 tutante
509 3651 634 3715 domino
655 3667 706 3716 aut
721 3651 813 3728 dicat,
837 3651 1016 3715 eortasius
1038 3655 1159 3739 quando

158 3741 249 3804 etiam
264 3740 317 3823 ipsi
336 3754 475 3822 parentes
491 3759 548 3802 nec
565 3738 712 3822 probitati,
728 3759 828 3822 neque
844 3738 1006 3816 modestia,
1019 3740 1159 3824 parvulos

159 3825 372 3901 assuefaciunt,
395 3826 448 3888 sed
472 3825 601 3889 lascivio
617 3839 648 3887 et
664 3825 833 3902 dicacitati3
857 3847 992 3910 perque
1017 3824 1158 3908 paulatim

145 3913 346 4000 vimpudentia
361 3913 464 3998 irrepit
486 3927 517 3979 et
538 3913 584 3977 sui
599 3911 750 4038 alienique
773 3927 954 3979 contemtus.
999 3909 1070 3995 Jam
1086 3908 1159 3978 rerd
