2508 4254
261 119 280 150 ἱ

131 193 194 254 110
470 189 511 255 C.
536 187 645 256 Corn.
668 190 795 257 Trcrrt
922 193 979 278 [Α.
995 191 1038 258 U.
1054 193 1135 258 822.

128 355 208 421 noeci
223 353 402 440 depellitur:
428 354 507 418 haud
526 355 630 440 procul
646 353 716 420 inde
728 355 836 439 agebat
847 353 963 420 Marius
978 355 1134 436 Maturus,

129 443 255 528 Alpium
267 441 477 506 maritimarum
491 441 682 518 Procurator,
693 443 769 506 fidus
783 441 918 521 Vitellio,
929 444 1015 530 cujus
1030 466 1133 508 sacra·
1240 463 1241 502 3

129 546 276 606 mentum,
306 529 422 592 cunctis
448 528 530 592 circis
559 529 727 607 hostilibus,
757 531 890 593 nondum
917 548 1053 594 exuerat.
1099 530 1135 594 Is
1240 547 1241 586 ὲ

130 616 293 680 Valentem
316 617 443 678 comiter
465 631 640 700 exceptum,
666 623 726 679 ‘ue
742 614 874 680 Galliam
897 615 1132 682 Narbonensem
1240 645 1241 664 ³

128 701 244 768 temere
268 701 494 784 ingrederetur,’
519 702 670 766 monendo
693 703 816 767 terruit:
840 703 929 766 simul
954 714 1128 767 ceterorum

128 791 202 854 fides
226 803 307 852 metu
323 787 468 852 infracta:
490 809 621 874 namque
636 789 843 874 circumjectas
858 791 996 853 civitates
1011 789 1131 854 Procu-

126 891 207 942 rator
228 874 367 938 Valerius
381 874 548 952 Paulinus,
572 890 712 938 strenuus
735 876 855 953 militia,
880 890 911 940 et
939 875 1128 962 Vespasiano

127 979 197 1028 anta
214 962 362 1026 fortunam
379 963 503 1038 amicus,
520 963 548 1025 in
566 962 657 1025 verba
672 961 738 1048 ejus
752 962 907 1044 adegerat.

172 1048 295 1113 XLlll.
319 1047 517 1132 Concitisque
539 1050 688 1125 omnibus,
704 1049 754 1133 qui
770 1049 954 1114 exauctorati
971 1071 988 1113 a
1002 1048 1130 1114 Vitellio

127 1137 240 1201 bellum
257 1149 365 1219 sponte
381 1135 551 1213 sumebant,
567 1133 806 1221 Forojuliensem
822 1137 982 1214 boloniam,
998 1137 1131 1201 claustra

127 1224 227 1300 maris,
244 1221 380 1306 prasidio
394 1222 552 1285 tuebatur:
576 1221 615 1284 eb
629 1223 748 1306 gravior
765 1237 879 1300 auctor,
895 1223 976 1308 qubd
996 1223 1128 1287 Paulino

127 1311 222 1396 patria
248 1307 363 1372 Forum
385 1307 471 1385 Julii,
501 1322 533 1371 et
556 1308 652 1374 honos
674 1309 754 1392 apud
778 1309 977 1374 Praetcrianos
999 1332 1127 1395 quorum
1182 1375 1184 1379 .

128 1397 279 1485 quondam
294 1394 448 1458 Tribunus
472 1393 579 1458 suerat.
624 1395 747 1480 lpsique
771 1397 890 1480 pagani,
906 1395 1007 1459 lavore
1031 1398 1131 1460 muni-

126 1484 216 1570 cipali
233 1497 264 1548 et
279 1481 383 1546 sutura
399 1481 540 1566 potentie
562 1502 628 1565 spe,
646 1481 755 1568 juvare
778 1499 877 1567 partes
900 1477 1128 1549 annitebantur:

128 1594 193 1658 quae
210 1571 260 1634 ubi
277 1582 380 1655 paratu
396 1569 491 1646 firma,
508 1583 538 1632 et
553 1584 640 1632 aucta
656 1591 786 1645 rumore,
802 1570 883 1654 apud
899 1571 995 1634 varios
1009 1567 1132 1634 Vitettiss

127 1680 251 1723 anorum
275 1657 389 1720 animos
411 1654 599 1732 increbudre,
622 1653 736 1718 Fabius
755 1654 876 1734 ,Valens
901 1679 971 1720 cum
1000 1671 1130 1742 quatuor

128 1745 364 1832 speculatoribus
380 1757 412 1806 et
427 1743 520 1806 tribus
543 1743 656 1818 amicis,
673 1742 797 1806 totidem
821 1743 1064 1822 centurionibus,
1089 1744 1129 1808 ad

127 1853 221 1896 nares
236 1831 423 1914 regreditur:
445 1828 566 1892 Maturo
581 1829 751 1914 ceterisque
766 1851 934 1909 remanere,
950 1844 981 1894 et
996 1831 1026 1893 in
1038 1831 1131 1894 rerba

127 1917 303 2002 Vespasiani
320 1916 409 1999 adigi,
426 1917 595 1979 volentibus
610 1915 675 1978 suit.
721 1916 877 1994 Ceterirm,
890 1932 922 1981 ut
937 1939 1019 1980 mare
1037 1919 1130 1982 tutius
1240 1949 1241 1992 t

127 2003 259 2081 Valenti,
276 2003 365 2089 quim
389 2003 498 2080 littora,
523 2019 574 2068 aut
595 2003 703 2080 urbes3
726 2003 767 2066 ita
791 2002 880 2068 futuri
905 2005 1075 2086 ambiguus,
1099 2020 1130 2069 et

129 2089 236 2174 magis,
254 2091 325 2175 quid
343 2090 458 2168 vitaret,
495 2089 565 2153 uiam
587 2090 636 2153 cui
651 2089 766 2166 fideret,
781 2105 893 2168 certus,
909 2090 1036 2154 adversa
1051 2106 1130 2154 tem·

126 2194 243 2265 pestate
260 2177 451 2253 Stoeehadas,
500 2177 685 2240 assilensium
701 2177 822 2254 insulas,
835 2177 978 2242 affertur:
1002 2178 1043 2241 ibi
1057 2199 1130 2241 eum

129 2267 254 2330 missaea
270 2263 400 2328 Paulino
416 2263 585 2328 Liburnica
601 2263 790 2348 oppressere.

173 2349 292 2416 XLW.
317 2349 419 2434 Capto
429 2349 572 2426 Valente,
584 2365 693 2414 cuncta
703 2351 741 2412 ad
752 2351 872 2415 victoris
887 2373 963 2435 opes
971 2371 1129 2428 conversa,

128 2439 212 2505 initio
229 2459 282 2522 per
297 2435 474 2520 Hispaniam
491 2458 508 2500 a
527 2436 622 2521 primii
645 2436 800 2523 Adjutrice
818 2437 937 2522 legione
958 2452 1034 2516 orto,
1050 2460 1128 2523 quae,

128 2524 275 2592 memoriis
289 2523 420 2588 Othonis
435 2522 548 2586 insensa
564 2522 699 2601 Vitellio,
711 2525 930 2609 decimamque
954 2547 991 2588 ue
1007 2547 1042 2588 ac
1057 2547 1129 2588 sex·

129 2629 190 2680 tam
214 2612 313 2676 traxit.
359 2609 428 2674 Nec
451 2609 558 2674 Gallia
582 2611 810 2675 cunctabantur.
856 2610 900 2674 Et
925 2547 1127 2690 dritanniam,

128 2701 258 2782 inclytus
270 2719 342 2781 erga
355 2695 576 2781 Vespasianum
593 2696 686 2774 lavor,
699 2697 779 2782 qndd
792 2697 851 2761 illic
861 2699 1001 2762 secunda
1018 2700 1128 2782 legioni

130 2811 147 2852 a
163 2786 295 2852 Claudio
312 2785 487 2870 prepositus
501 2799 533 2848 et
548 2785 629 2847 bello
643 2784 741 2847 clarus
757 2799 872 2867 egerat,
888 2807 947 2848 non
964 2787 1027 2850 sine
1044 2801 1128 2850 motu

128 2874 266 2962 adjunxit
295 2887 475 2948 ceterarum,
501 2872 529 2934 in
560 2871 667 2958 quibus
693 2871 827 2956 plerique
857 2870 1062 2936 Centuriones
1091 2895 1128 2936 ac

128 2963 238 3027 milites
253 2982 270 3023 a
284 2958 409 3023 Vitellio
430 2958 576 3043 provecti,
593 2973 752 3043 expertum
766 2957 830 3043 jam
847 2957 1021 3043 Principem
1046 2961 1128 3024 anxii

130 3050 298 3114 mutabant.

173 3133 278 3200 XLV.
302 3131 353 3196 Ea
376 3131 526 3196 discordia
545 3145 576 3196 et
599 3131 711 3195 crebris
733 3131 803 3194 belli
828 3133 926 3198 civilis
949 3133 1127 3212 rumoribus,

127 3221 265 3288 Britanni
291 3219 437 3283 sustulere
463 3220 589 3296 animos,
616 3235 739 3282 auctore
769 3217 924 3282 Venutio:
947 3219 1008 3304 qui,
1035 3242 1127 3304 super

127 3309 243 3374 insitam
266 3305 408 3368 ferociam
435 3321 466 3368 et
493 3305 624 3368 Romani
654 3306 782 3369 nominis
807 3307 920 3383 odium,
948 3307 1073 3390 propriis
1095 3309 1127 3371 in

127 3392 389 3461 Cartismunduam
416 3392 550 3473 reginam
580 3393 706 3455 stimulis
733 3393 965 3456 accendebatur.
1011 3392 1128 3458 Certis-

125 3481 256 3548 manduc
286 3478 480 3560 Brigantibus
505 3479 703 3563 imperitabat,
735 3481 853 3564 pollens
882 3481 1055 3544 nobilitate:
1095 3497 1126 3545 et

126 3581 253 3636 auxerat
268 3567 444 3652 potentiam,
461 3582 629 3650 postquam,
652 3582 742 3648 capto
768 3589 820 3649 per
838 3568 940 3630 ddlum
958 3566 1047 3648 Rege
1064 3567 1128 3632 Ca-

126 3672 254 3731 ractaco,
271 3654 446 3718 instruxisse
463 3653 645 3736 triumphum
670 3652 790 3716 Claudii
815 3653 943 3718 casaris
960 3655 1126 3720 videbatur.

127 3743 201 3807 inde
225 3763 310 3826 opes,
334 3755 364 3804 et
386 3762 485 3804 rerum
511 3741 711 3804 secundarum
734 3741 842 3804 luxus:
866 3756 967 3827 spreto
989 3740 1127 3808 Venutio

37 4135 158 4212 A
