2560 4258
134 381 177 444 20
475 379 516 444 C.
540 377 648 446 Coun.
671 379 797 446 Tacrrt
922 381 979 468 [A.
996 379 1038 448 U.
1055 383 1132 450 822.

136 565 318 638 prospectu:
342 573 442 638 neque
459 554 574 638 populi,
591 568 642 617 aut
658 553 753 638 plebis
768 554 830 617 ulla
841 575 901 618 vox
915 577 923 632 3
946 557 999 620 sed
1015 559 1134 622 attoniti

137 640 235 702 vultus
257 654 288 702 et
310 659 462 702 conversa
485 641 522 702 ad
546 641 647 702 omnia
669 661 776 702 aures:
803 663 862 704 non
886 643 1043 718 tumultus,
1070 663 1132 706 non

159 726 242 788 nies:
267 725 355 810 quale
380 727 479 806 magni
505 725 602 788 metris
629 739 660 787 et
685 747 800 808 magnae
826 728 875 790 irc
898 729 1048 792 silentium
1075 743 1133 792 est.

134 748 250 874 &thoni
277 827 390 888 tamen,
414 813 540 874 ‘armari
558 811 700 894 plebem,'
724 813 925 876 nuntiabatur.
971 813 1041 878 ‘lre
1060 837 1134 900 prae·

132 899 239 982 cipites
252 913 282 960 et
297 919 446 982 occupare
464 897 606 981 pericula'
619 897 716 982 jubet.
756 898 849 979 Igitur
861 899 969 962 milites
986 899 1131 980 Romani,

133 985 217 1069 quasi
234 982 408 1066 Vologesen
432 999 482 1046 aut
499 983 648 1046 Pacorum
665 985 746 1046 avito
763 985 971 1048 Arsacidarum
987 988 1063 1050 solio
1078 988 1133 1050 de·

131 1071 256 1156 pulsuri,
272 1091 307 1133 ac
323 1092 382 1133 non
399 1070 616 1153 Imperatorem
632 1091 719 1133 suum
736 1072 880 1134 inermem
897 1087 928 1134 et
943 1093 1047 1135 senem
1071 1087 1133 1136 tru-

130 1157 231 1221 cidare
248 1171 418 1241 pergerent,
434 1156 560 1242 disjecti
577 1157 676 1240 plebe,
693 1157 868 1240 proculcato
884 1158 1009 1235 Senatu,
1033 1175 1133 1224 truces

131 1245 231 1319 armis,
255 1243 364 1327 rapidis
380 1244 474 1327 equis,
498 1242 593 1306 sorum
612 1243 796 1327 irrumpunt:
822 1265 880 1306 nco
907 1245 973 1306 illos
999 1246 1132 1328 capitolii

132 1345 282 1414 aspectus,
299 1344 329 1392 et
345 1330 563 1392 imminentium
580 1329 761 1412 templorum
785 1330 900 1412 religio,
924 1345 954 1392 et
973 1332 1084 1411 priores
1100 1347 1133 1396 et

132 1415 221 1480 futuri
244 1415 399 1500 Principes
415 1415 558 1492 terruere,
575 1415 635 1500 qud
652 1415 749 1478 minias
765 1415 897 1480 lacerent
913 1416 1023 1496 scelus,
1046 1417 1132 1504 cujus

132 1504 212 1566 ultor
226 1516 283 1580 est,
302 1503 435 1588 quisquis
451 1503 609 1566 successit.

175 1587 265 1652 XLl.
286 1587 361 1651 Viso
372 1589 508 1652 cominus
520 1604 700 1652 armatorum
713 1590 843 1670 agmine,
853 1589 1026 1652 vexillarius
1038 1591 1133 1654 comi·

132 1689 200 1739 tate
223 1674 354 1738 Galbam
380 1675 511 1739 cohortis
537 1675 559 1759 (‘
572 1675 698 1738 Atilium
717 1673 923 1756 Vergilionem
948 1675 1048 1739 suisse'
1073 1691 1132 1740 tra-

130 1761 219 1845 dunt)
244 1763 402 1846 dereptam
420 1762 525 1826 Galbae
548 1761 709 1842 imaginem
733 1762 797 1824 solo
818 1761 935 1824 afflixit.
982 1761 1031 1824 Eo
1046 1763 1132 1846 signo

130 1848 287 1914 manifesta
311 1851 340 1912 in
356 1849 512 1912 Othonem
531 1849 665 1910 omnium
690 1848 816 1910 militum
843 1849 952 1925 studia,
976 1848 1130 1913 desertum

130 1935 201 2018 sugit
214 1936 315 2019 populi
325 1935 433 2012 lorum,
443 1936 585 1998 destricta
597 1933 740 1996 adverslrs
753 1935 923 1997 dubitantes
935 1935 1006 1998 tela.
1034 1935 1131 2000 Juxta

131 2021 229 2085 Curtii
247 2021 357 2098 lacurn,
371 2022 569 2105 trepidatione
582 2019 739 2082 serentium
753 2021 852 2084 Galba
865 2020 1015 2106 projectus
1027 2043 1044 2084 e
1056 2022 1132 2084 sellai

131 2127 168 2171 ac
181 2107 355 2191 provolutus
367 2121 424 2170 est.
463 2105 642 2168 Extremam
656 2103 721 2190 ejus
734 2127 851 2183 vocem,
864 2123 896 2170 ut
907 2109 1016 2192 cuique
1029 2109 1131 2171 odium

130 2207 184 2258 aut
199 2193 356 2256 admiratio
372 2191 436 2269 luit,
449 2192 530 2255 varie
548 2192 717 2273 prodidere.
765 2193 838 2270 Alii,
850 2194 1026 2277 suppliciter
1040 2195 1131 2257 inter·

127 2279 260 2364 rogitsse,
277 2278 370 2364 ‘quid
387 2279 455 2341 mali
473 2279 652 2341 meruisset?
669 2297 781 2361 paucos
797 2279 861 2342 dies
876 2280 1064 2343 exsolvendo
1076 2282 1129 2344 do·

130 2365 243 2430 nativo’
267 2365 484 2449 deprecatum:
510 2365 621 2449 plures,
644 2365 788 2430 obtulisse
805 2366 883 2428 ultrb
908 2367 1129 2449 percussoribus

125 2453 278 2540 jugulum,
302 2460 448 2534 ‘agerent
464 2473 499 2515 ac
520 2451 650 2530 ferirent,
675 2453 699 2514 si
720 2453 760 2514 ita
783 2473 801 2514 a
824 2451 998 2536 Republicai
1015 2455 1130 2520 videre-

129 2555 178 2603 tur
190 2540 209 2602 τ’
234 2561 292 2602 non
309 2536 442 2601 interluit
456 2538 670 2615 occidentium,
686 2539 756 2623 quid
770 2539 894 2602 diceret.
941 2537 992 2602 De
1009 2561 1129 2623 percus·

129 2647 196 2690 sore
223 2647 283 2688 non
305 2623 377 2688 satis
399 2639 535 2689 constat:
561 2625 681 2710 quidam
705 2624 906 2688 ‘Terentium
924 2625 1094 2689 Evocatum
1107 2626 1127 2689 τ’

129 2712 178 2776 alii
201 2718 209 2749 ‘
223 2711 391 2775 Lecanium
403 2712 422 2789 ;'
445 2713 576 2775 crebrior
589 2711 665 2774 lama
679 2711 799 2774 tradidit
822 2711 1030 2789 ‘Camurium
1045 2715 1129 2798 quin·

128 2799 292 2864 taedecimae
307 2799 433 2879 legionis
451 2799 587 2875 militem,
610 2799 757 2881 impresso
779 2798 889 2879 gladio,
909 2798 1047 2882 jugulum
1064 2799 1128 2884 ejus

129 2885 286 2950 hausisse!
331 2885 435 2950 Ceteri
448 2907 533 2948 crura
549 2885 742 2968 brachiaque,
755 2903 824 2946 nam
842 2900 947 2968 pectus
959 2887 1126 2964 tegebatur,

129 2971 211 3036 loedb
227 2971 396 3035 laniavere:
423 2973 564 3056 pleraque
577 2971 701 3033 vulnero
717 2970 834 3034 scritate
849 2985 879 3034 et
896 2972 1009 3034 saevitib
1024 2987 1128 3036 trunco

125 3059 189 3146 jam
205 3059 322 3141 corpori
339 3057 466 3145 adjecta.

171 3145 278 3210 XLll.
310 3144 415 3208 Titum
436 3145 506 3208 inde
530 3143 653 3208 Vinium
675 3144 832 3207 invasere:
865 3145 986 3230 dequo
1009 3158 1040 3207 et
1062 3145 1126 3228 ipso

127 3235 297 3315 ambigitur,
328 3233 565 3295 consumseritoe
597 3253 702 3293 vocem
730 3231 794 3315 ejus
821 3233 935 3294 instans
958 3246 1066 3307 metus,
1090 3253 1126 3294 au

129 3319 369 3405 proclamaverit,
393 3325 474 3380 ‘non
491 3339 557 3380 esse
573 3319 610 3379 ab
626 3316 750 3379 Otlrone
764 3318 948 3393 mandatum,
965 3332 997 3380 ut
1008 3318 1126 3380 occide·

130 3405 232 3470 retur?
279 3404 373 3478 Quod
390 3425 443 3467 seu
467 3405 554 3466 linxit
570 3403 738 3478 sonnidine,
754 3425 807 3466 seu
825 3406 1041 3466 conscientiam
1056 3425 1127 3466 con·

126 3492 284 3579 jurationis
299 3490 454 3554 consessus
470 3505 533 3554 est:
559 3492 617 3552 huc
634 3489 731 3573 potitis
744 3489 808 3574 ejus
822 3492 881 3553 vita
894 3490 1032 3574 famaque
1044 3492 1126 3553 inoli-

129 3593 191 3656 nat,
220 3593 251 3642 ut
277 3579 415 3640 conscius
437 3577 558 3640 sceleris
582 3577 679 3651 suerit,
706 3577 791 3661 cujus
816 3597 906 3640 causa
924 3593 998 3639 erat.
1045 3579 1125 3638 Ante

106 3667 224 3744 ,aedem
250 3663 322 3728 Divi
338 3664 408 3728 Julii
428 3664 533 3749 jacuit,
558 3665 654 3747 primo
674 3664 733 3726 ictu
760 3664 787 3725 in
814 3664 971 3746 poplitem,
996 3683 1067 3725 mox
1089 3663 1125 3724 ab

128 3753 211 3816 Julio
227 3751 320 3832 Caro,
336 3751 499 3836 legionario
515 3753 620 3834 milite,
639 3765 798 3836 utrumque
814 3751 891 3814 latus
907 3751 1125 3816 transverbera-

128 3853 187 3904 ills.
