2484 4316
108 227 188 314 '168
461 246 502 312 C.
526 245 635 312 Coun.
657 243 782 311 Taceat
914 243 969 330 [A.
986 241 1029 312 U.
1047 243 1127 312 822.

124 414 214 480 ditus.
259 411 333 491 Sed,
356 412 464 498 quibus
487 413 599 476 artibus
620 411 802 497 latebrisque
819 412 909 474 vitam
937 433 992 496 per
1014 433 1128 476 norem

125 523 197 566 mox
214 522 307 564 anuos
322 499 497 576 traduxerit,
518 499 605 563 simul
622 500 786 562 amicorum
802 497 867 584 ejus
882 500 1080 562 constantiam
1097 513 1128 570 et

123 589 239 669 insigne
255 586 422 671 Epponinae
438 585 540 648 uxoris
564 586 752 667 exemplum,
778 605 834 648 suo
859 585 928 648 loco
951 585 1126 649 reddemus.

124 675 333 759 Sequanorum
350 670 494 757 prosperis
519 672 584 734 acie
608 671 679 735 belli
702 671 833 754 impetus
848 673 942 735 stetit.
988 671 1128 756 Resipis-

123 783 193 825 cere
210 759 352 844 paulatim
367 759 514 836 civitates,
537 757 641 842 sasque
658 771 689 821 et
704 757 819 821 soedera
833 759 995 840 respicere,
1018 759 1128 842 priuci-

123 848 209 932 pibus
226 845 351 910 Remis:
383 846 433 929 qui
457 867 511 929 per
527 843 642 908 Gallias
664 843 799 922 edixere,
828 851 880 908 ‘ut
901 845 997 908 missis
1019 846 1126 929 legatis

123 935 152 997 in
167 954 330 1000 commune
341 932 556 1009 consultarent,
572 931 694 994 libertas
710 952 748 994 an
761 951 823 1014 pax
838 931 994 1014 placeret)

166 1017 322 1083 LXVIII.
347 1019 390 1082 At
406 1017 514 1081 Rome
537 1032 647 1081 cuncta
670 1017 700 1080 in
727 1018 858 1082 deterius
880 1017 982 1080 audita
1007 1015 1126 1082 Mucia·

123 1129 195 1171 num
219 1107 387 1188 angebant3
417 1127 467 1182 ne,
494 1125 666 1190 quanquam
682 1103 795 1185 egregii
811 1103 917 1168 Duces
943 1103 1018 1189 (jam
1045 1106 1125 1168 enim

123 1193 247 1256 Gallum
264 1193 399 1258 Annium
415 1205 446 1255 et
461 1191 604 1254 Petilium
620 1189 774 1254 Cerialem
790 1190 960 1276 delegerat)
975 1213 1124 1255 summam

122 1280 194 1344 belli
222 1301 326 1364 parum
343 1278 515 1342 tolerarent.
561 1276 631 1340 Nec
653 1277 850 1362 relinquenda
874 1278 945 1341 urbs
971 1279 1037 1341 sine
1060 1299 1126 1342 rec·

122 1381 199 1430 tore.
246 1364 287 1430 Et
309 1365 475 1428 Domitiani
502 1363 653 1427 indomite
674 1363 812 1426 libidines
828 1364 1030 1427 timebantur:
1061 1385 1126 1428 sus·

124 1453 231 1538 pectis,
248 1449 290 1516 uti
305 1452 446 1528 diximus,
463 1451 567 1514 Primo
579 1450 712 1514 Antonio
725 1448 869 1535 Varoque
882 1451 981 1513 Arrio.
1016 1449 1126 1530 Varus,

123 1539 311 1604 Praetorianis
328 1537 513 1622 prepositus,
537 1539 597 1600 vim
622 1551 713 1622 atque
736 1557 818 1599 arma
841 1537 997 1600 retinebat.
1044 1537 1127 1602 Eum

123 1624 283 1690 Mucianus
301 1625 418 1708 pulsum
435 1625 514 1700 loco,
526 1645 565 1686 ne
580 1623 645 1686 sine
659 1623 766 1687 solatio
781 1639 894 1704 ageret,
905 1643 1036 1686 annonae
1052 1645 1127 1708 prac-

123 1711 204 1778 lecit.
250 1710 356 1796 thue
372 1709 539 1774 Domitiani
554 1710 698 1788 animum,
713 1707 796 1772 Varo
812 1710 892 1772 baud
908 1711 1051 1788 alienum,
1074 1711 1127 1775 de·

123 1800 230 1874 liniret,
247 1798 421 1861 Arretinum
433 1796 640 1874 Clementem,
653 1797 754 1860 domui
767 1795 944 1882 Vespasiani
962 1817 1016 1879 per
1031 1799 1126 1861 affini-

122 1900 216 1950 tatem
233 1885 376 1948 innexum
391 1899 422 1948 et
434 1883 631 1968 gratissimum
644 1882 830 1961 Domitiano,
847 1883 1036 1946 Praetorianis
1052 1905 1126 1969 prae·

124 1972 232 2057 posuit,
249 1978 256 2008 ‘
271 1986 384 2054 patrem
397 1970 472 2056 ejus,
488 1971 544 2034 sub
559 1969 638 2034 Caio
654 1969 787 2046 Caesare,
801 1969 920 2054 egregie
936 1969 1073 2034 sunctum
1089 1970 1127 2033 eri

122 2056 216 2134 curb,'
233 2056 390 2120 dictitans:
415 2057 534 2122 ‘letum
551 2057 693 2120 militibus
712 2057 793 2120 idem
817 2078 939 2134 nomeu,
966 2071 1058 2141 atque
1081 2059 1127 2140 ip-¹

123 2167 200 2220 sum,
226 2165 397 2230 quanquam
413 2143 561 2208 Senatorii
576 2143 698 2220 ordinis,
722 2143 759 2206 ad
787 2157 913 2228 utraque
929 2145 1029 2206 munia
1044 2145 1127 2207 suffi-

123 2230 215 2298 cere.’
254 2231 458 2294 Assumuutur
480 2252 498 2293 e
523 2231 645 2294 civitate
660 2230 840 2294 clarissimus
856 2231 993 2316 quisque,
1018 2244 1050 2293 et
1076 2231 1125 2294 alii

123 2340 177 2404 per
191 2318 397 2381 ambitionem.
435 2317 532 2380 Simul
548 2316 741 2383 Domitianus
752 2314 974 2403 Mucianusque
986 2317 1126 2399 accinge·

124 2405 242 2480 bantur,
266 2403 376 2487 dispari
393 2403 513 2466 animo:
543 2403 593 2466 ille
617 2425 672 2488 spe
687 2425 723 2467 ac
738 2403 868 2489 juventii
895 2424 1052 2488 properus,
1077 2404 1127 2468 hic

124 2511 222 2556 moras
237 2505 372 2566 nectens,
394 2487 459 2573 quis
474 2489 651 2572 flagrantem
667 2490 819 2566 retineret,
844 2511 883 2553 ne
906 2488 1018 2554 ferocia
1032 2490 1127 2555 aetatis

124 2593 155 2642 et
179 2576 277 2660 pravis
291 2575 513 2660 impulsoribus,
536 2576 559 2638 si
581 2578 748 2640 exercitum
764 2577 933 2654 invasisset,
949 2577 1017 2660 paci
1032 2576 1127 2640 bello·

146 2684 183 2726 ue
200 2661 278 2724 malle
292 2661 477 2725 consuleret.
521 2661 674 2744 Legiones
691 2663 838 2740 victrices,
858 2679 946 2726 sexta
961 2678 992 2726 et
1008 2678 1126 2741 octava,

125 2686 355 2813 Vitellianarum
370 2749 617 2826 unaetvicesima,
636 2770 654 2812 e
669 2749 776 2812 rec'cns
790 2751 967 2832 conscriptis
981 2751 1126 2829 secunda,

123 2836 269 2902 Penninis
291 2834 502 2922 Cottianisque
523 2835 662 2919 Alpibus,
688 2857 754 2919 pars
777 2851 879 2901 moute
895 2835 999 2913 Graio,
1026 2837 1127 2900 tradu-

123 2938 250 2988 cuntur:
274 2924 496 3023 quartadecima
511 2921 590 3004 legio
613 2943 630 2985 e
653 2921 821 3000 Britannia,
847 2937 934 2986 sexta
957 2923 1128 2986 sedecima

124 3033 165 3076 ex
188 3008 337 3093 Hispaniis
359 3011 471 3074 accitae.
517 3008 611 3092 Igitur
630 3010 777 3073 venientis
803 3009 954 3073 exercitiis
979 3008 1069 3088 lamb,
1096 3026 1127 3076 et

123 3111 231 3178 suopte
248 3097 375 3178 ingenio,
402 3097 440 3159 ad
464 3097 580 3159 mitiora
595 3095 772 3160 inclinantes
789 3095 954 3159 Galliarum
977 3097 1125 3174 civitates,

124 3184 154 3248 iu
170 3181 290 3246 Remus
304 3182 486 3247 convenere.
532 3181 736 3246 Treverorum
751 3183 862 3264 legatio
877 3183 938 3247 illic
949 3181 1127 3268 opperieba-

124 3284 182 3346 tur,
201 3269 345 3333 acerrImo
361 3270 533 3332 instinctore
557 3269 627 3332 belli
643 3267 747 3332 Tullio
764 3267 939 3333 Valentino.
985 3270 1014 3332 Is
1030 3269 1127 3333 medi-

124 3354 186 3421 tati
201 3357 334 3418 oratione
348 3373 467 3432 cuncta,
492 3356 608 3438 magnis
622 3356 755 3440 imperiis
770 3355 914 3441 objectari
930 3357 1025 3432 solita,
1052 3377 1126 3420 con·

124 3443 322 3526 tumeliasque
348 3455 380 3504 et
402 3443 543 3505 invidiam
567 3443 596 3505 in
620 3441 773 3526 Populum
801 3441 975 3507 Romanum
999 3441 1124 3506 effudit:

123 3529 258 3594 turbidus
275 3529 434 3592 miscendis
449 3529 652 3607 seditionibus,
673 3545 704 3593 et
719 3529 870 3616 plerisque
886 3545 987 3613 gratus
1003 3529 1125 3593 vecordi

125 3615 276 3680 facundiis.

166 3701 290 3766 LXIX.
314 3704 356 3768 At
366 3701 464 3766 Julius
480 3703 620 3785 Auspex,
632 3723 649 3765 e
663 3703 839 3788 primoribus
852 3701 1032 3780 Remorum,
1045 3709 1054 3740 ‘
1065 3703 1126 3767 vim

124 3789 296 3855 Romanam
312 3790 455 3874 pacisque
470 3788 558 3852 bona'
572 3789 783 3870 dissuasisset
795 3792 888 3856 ‘sumi
905 3791 1017 3854 bellum
1033 3791 1127 3856 etiam
