2556 4446
151 441 216 506 240
491 436 533 502 Ο.
556 435 665 502 Coun.
688 435 814 502 Tacmr

149 575 292 675 exerceo.
337 601 411 679 Quo
422 602 506 666 letor
516 601 622 687 magis,
633 602 767 666 oblatum
784 601 869 666 nobis
873 601 1020 687 judicem,
1035 605 1087 690 qui
1100 625 1148 670 rne

151 695 199 758 vel
214 695 243 756 in
260 691 390 756 saturum
407 703 488 754 vetet
511 711 615 752 versus
630 689 741 767 facere,
767 689 827 766 vel,
848 689 927 774 quod
947 689 1009 775 jam
1034 691 1148 774 pridem

149 795 233 864 opto,
256 777 311 842 suia
326 797 445 862 quoque
472 777 649 838 auctoritate
664 775 838 860 compellat,
865 791 897 839 ut
919 778 1034 840 omissis
1051 776 1149 842 soren-

149 867 226 930 sium
241 885 398 929 causarum
420 863 572 944 augustiis,
588 863 617 925 in
634 862 741 947 quibus
755 859 826 924 satis
847 863 919 924 mibi
934 885 1085 948 superque
1100 885 1150 926 su·

149 953 325 1030 detumeat,
348 950 526 1014 sanctiorem
549 949 636 1012 istam
662 963 694 1013 et
720 948 921 1032 augustiorem
947 951 1149 1036 eloquentiam

148 1039 259 1103 colam.

190 1123 233 1188 V.
257 1123 328 1207 Ego
349 1122 432 1201 verb,
457 1123 553 1209 inquit
570 1123 741 1201 Secundus,
763 1136 924 1208 antequam
943 1145 993 1186 me
1012 1123 1149 1210 judicem

147 1211 235 1296 Aper
248 1225 379 1288 recuset,
395 1209 513 1288 faciam,
524 1211 602 1295 quod
622 1211 705 1294 probi
721 1223 752 1274 et
768 1211 894 1274 modesti
907 1211 1026 1296 judices
1040 1211 1151 1290 solent,

148 1300 225 1363 utin
248 1298 295 1362 bis
309 1298 529 1379 cognitionibus
550 1319 583 1360 se
600 1310 757 1375 excusent,
780 1298 810 1360 in
833 1298 940 1381 quibus
960 1297 1150 1362 manifestum

148 1400 205 1463 est,
215 1385 338 1448 alteram
354 1383 436 1466 apud
449 1405 502 1446 eos
518 1399 634 1466 partem
651 1382 746 1467 gratib
762 1385 933 1468 prevalere.
972 1382 1052 1458 Quis
1068 1383 1150 1448 enim

147 1472 254 1545 nescit,
274 1471 425 1532 neminem
451 1469 523 1533 mihi
546 1469 784 1555 conjunctiorem
800 1491 867 1533 esse
886 1485 917 1533 et
939 1492 995 1532 usu
1012 1470 1150 1534 amicitiae

147 1571 179 1622 et
194 1556 366 1622 assiduitate
381 1556 578 1632 contubernii,
589 1557 679 1642 quiam
695 1555 987 1634 SaleiumBassum,
1007 1557 1077 1621 ciam
1093 1578 1151 1642 op·

147 1645 253 1708 timum
269 1644 375 1720 virum,
397 1657 462 1706 tum
485 1643 735 1707 absolutissimum
753 1645 898 1727 poetam?
921 1665 1019 1727 porro,
1045 1645 1070 1708 si
1095 1665 1150 1729 po·

146 1732 225 1796 stica
240 1745 408 1808 accusatur,
420 1753 479 1793 nnn
492 1730 583 1794 aliurn
601 1730 690 1792 video
705 1751 790 1794 reum
804 1729 1046 1813 locupletiorem.
1132 1723 1137 1732 ’

191 1817 322 1882 Securus
337 1817 384 1894 sit,
410 1817 505 1902 inquit
521 1817 615 1901 Aper,
642 1834 672 1880 et
699 1816 817 1880 Saleius
832 1815 947 1880 Bassus
969 1832 1000 1880 et
1016 1817 1150 1902 quisquis

148 1904 222 1969 alius
247 1905 379 1967 studium
403 1903 529 1986 poetice
559 1918 590 1966 et
616 1905 782 1966 carminum
808 1903 932 1988 gloriam
960 1902 1052 1980 sovet,
1078 1902 1149 1968 crim

146 2013 252 2056 causas
277 2012 367 2074 agere
386 2012 453 2052 non
481 1990 582 2073 possit.
628 1987 698 2074 Ego
719 1990 812 2066 eninr,
836 1989 982 2075 quittenus
1006 1990 1149 2055 arbitrum

146 2079 205 2142 litis
231 2076 319 2161 hujus
334 2075 442 2152 inveni,
459 2097 517 2139 non
534 2077 638 2159 patiar,
663 2075 837 2140 Maternum
853 2077 996 2140 societate
1020 2077 1149 2160 plurium

146 2162 287 2227 delendi:
318 2162 373 2223 sed
398 2161 494 2246 ipsum
517 2163 615 2224 solum
631 2163 712 2244 apud
729 2184 782 2226 vos
798 2184 931 2245 arguam,
956 2162 1035 2248 qudd
1061 2178 1149 2228 natus

146 2250 184 2314 ad
200 2247 403 2333 eloquentiam
421 2247 535 2310 virilem
558 2262 590 2310 et
613 2249 783 2324 oratoriam,
810 2249 869 2334 qud
894 2271 998 2332 parare
1013 2250 1149 2314 simulet

146 2335 223 2402 tueri
238 2334 394 2412 amicitias,
404 2333 550 2398 asciscere
562 2334 708 2411 nationes,
717 2336 878 2420 complecti
891 2337 1068 2420 provincias,
1079 2357 1150 2419 pos·

146 2426 195 2503 sit,
210 2423 317 2488 amittit
332 2421 477 2499 studium,
501 2443 561 2507 quo
575 2443 635 2484 non
651 2421 731 2485 alind
747 2422 777 2486 in
791 2423 912 2486 civitate
928 2422 1031 2486 nostris
1045 2423 1092 2486 vel
1108 2422 1149 2487 ad

146 2513 306 2576 utilitatem
322 2508 511 2587 fructuosius,
525 2508 573 2572 rel
589 2509 626 2572 ad
639 2509 812 2591 dignitatern
829 2510 967 2592 amplius,
983 2510 1031 2571 vel
1046 2509 1082 2572 ad
1099 2531 1150 2572 ur·

145 2599 191 2664 bis
206 2601 316 2661 lamam
338 2596 499 2681 pulchrius,
523 2596 570 2660 vel
593 2595 631 2658 ad
657 2596 746 2658 totius
761 2595 882 2679 Imperii
906 2609 996 2680 atque
1012 2595 1148 2660 omnium

146 2685 279 2768 gentium
296 2683 429 2746 notitiam
453 2682 594 2744 illustrius
609 2681 774 2763 excogitari
798 2695 906 2764 potest.
952 2682 1045 2760 Nam,
1068 2683 1092 2746 si
1108 2683 1148 2747 ad

146 2771 303 2833 utilitatem
329 2767 396 2830 vite
421 2767 522 2828 omnia
546 2767 670 2830 consilia
694 2767 831 2852 sectaque
862 2782 960 2831 nostra
992 2769 1149 2853 dirigenda

145 2870 223 2932 sunt,
240 2852 310 2939 quid
331 2852 388 2916 erit
402 2852 504 2929 tutius,
520 2853 610 2938 quiam
625 2874 692 2916 eam
709 2875 853 2918 exercere
869 2869 975 2932 artem,
992 2855 1052 2940 qud
1065 2877 1158 2936 sem-v

146 2952 343 3028 perarmatus
358 2939 526 3024 presidium
541 2941 655 3017 amicis,
681 2961 773 3026 opem
793 2941 907 3019 alienis,
923 2942 1050 3006 salutem
1068 2944 1148 3026 peri·
1244 2953 1247 2960 '

144 3027 326 3104 clitantibus,
339 3027 443 3090 invidis
460 3026 532 3090 serti
546 3043 577 3092 et
592 3028 718 3106 inimicis
734 3041 848 3092 metum
864 3044 894 3091 et
910 3043 1054 3092 terrorem
1068 3030 1148 3094 uitri)

145 3117 234 3194 seras,
254 3115 318 3200 ipse
341 3135 464 3178 securus
480 3115 615 3177 et'velut
631 3113 760 3199 quddam
788 3113 936 3198 perpetui
952 3115 1086 3198 potentiis
1108 3137 1148 3182 ac

144 3219 293 3292 potestate
309 3200 463 3263 munitus?
484 3199 569 3285 cujus
587 3199 629 3262 vis
644 3216 675 3262 et
691 3201 810 3277 utilitas,
826 3202 914 3264 rebus
931 3202 1072 3286 prosperis
1088 3202 1148 3268 flu·

144 3292 272 3367 entibus,
284 3287 409 3351 aliorum
427 3287 560 3370 presidio
570 3303 602 3350 et
614 3285 709 3349 tuteli
724 3287 912 3370 intelligitur:
936 3289 978 3350 sin
995 3290 1146 3374 proprium

144 3378 311 3464 periculum
327 3375 486 3456 increpuit,
502 3395 560 3436 non
580 3372 711 3436 Hercule
728 3373 817 3437 lorica
839 3390 889 3438 aut
904 3375 1019 3456 gladius
1035 3377 1062 3438 in
1079 3378 1147 3442 acie

144 3467 257 3530 firmius
271 3461 502 3536 munimentum,
523 3460 620 3545 vquirin
647 3482 699 3524 reo
714 3473 745 3522 et
769 3461 946 3543 periclitanti
962 3463 1146 3546 eloquentia,

145 3552 315 3634 presidium
331 3547 419 3611 simul
435 3561 465 3610 et
480 3547 583 3623 telum,
600 3569 660 3631 quo
676 3569 863 3632 propugnare
877 3549 986 3630 pariter
1001 3566 1030 3614 et
1046 3550 1147 3614 inces-

145 3659 222 3712 sere,
239 3637 288 3699 vel
304 3634 470 3719 injudicio,
493 3635 557 3696 sive
580 3635 608 3696 in
634 3633 759 3711 Senatu,
785 3635 849 3697 sire
874 3635 951 3716 apud
969 3635 1145 3720 Principem

145 3724 251 3808 possis.
297 3717 383 3794 Quid
406 3721 485 3782 aliud
502 3719 614 3783 infestis
630 3721 760 3804 patribus
775 3743 872 3804 nuper
884 3721 995 3805 Eprius
1011 3721 1146 3788 Marcel·

144 3812 201 3884 lus,
226 3807 315 3891 quim
336 3807 538 3890 eloquentiam
553 3828 647 3887 suern,
664 3807 827 3890 opposuit?
850 3808 911 3893 quai
934 3810 1085 3872 accinctus
1113 3826 1146 3876 et

144 3897 257 3967 minax,
284 3892 425 3952 disertam
449 3894 582 3975 quidem,
605 3895 659 3956 sed
685 3895 912 3958 inexercitatam
939 3910 970 3960 et
996 3896 1146 3979 ejusmodi

144 3977 340 4046 certaminum
364 3975 483 4054 rudem,
507 3978 640 4044 Helvidii
654 3981 830 4066 sapientiam
854 3983 951 4048 elusit.
996 3982 1088 4048 Plura
1102 3983 1145 4048 de
