2514 4318
435 233 479 277 nn
502 212 660 280 Mutamus
683 211 884 336 Ga‘auama.
1100 215 1162 278 rat

154 379 221 443 illos
236 377 375 442 conscios
390 389 507 462 putant.
553 377 612 440 Est
627 389 660 440 et
681 378 738 440 alia
761 377 933 440 observatio
949 378 1161 462 auspiciorum,

154 464 217 550 qut
242 465 378 546 gravium
409 465 555 527 bellorum
579 479 706 527 eventus
732 465 901 548 explorant.
949 464 1025 550 Ejus
1055 465 1162 546 gentis,

154 573 226 615 eum
243 550 304 634 quit
321 551 432 612 bellum
448 566 504 626 est,
520 551 685 634 captivum,
707 573 829 634 quoquo
843 551 935 614 modo
950 551 1162 635 interceptum,

153 657 225 702 cunr
249 638 348 698 electo
375 637 565 720 popularium
588 659 722 713 suorum,
751 638 851 718 patriis
877 659 1031 722 quemque
1062 637 1161 715 armis,

154 725 368 788 committunt:
394 724 517 787 victoria
532 722 620 808 hujus
645 723 693 786 vel
714 723 793 786 illius
817 745 872 807 pro
895 723 1067 810 prejudicio
1083 723 1162 788 acci·

155 813 247 896 pitur.

197 895 258 960 Xl.
283 896 334 958 De
350 896 513 960 minoribus
538 896 626 960 rebus
648 896 807 981 Principes
822 893 1012 976 con'sultant3
1044 897 1082 961 de
1098 918 1162 961 rua-

151 983 267 1068 joribus
283 1005 404 1046 omnes:
429 985 468 1047 ita
484 997 596 1059 tamen,
612 999 645 1048 ut
660 1005 695 1045 ea
709 1005 839 1068 quoque,
851 1006 976 1068 quorum
991 1007 1084 1070 penes
1097 985 1162 1068 ple·
1244 977 1246 986 ’

153 1071 225 1134 bern
241 1071 394 1132 arbitrium
411 1085 466 1146 est,
479 1071 559 1153 apud
572 1070 732 1154 Principes
749 1087 979 1154 pertractentur.
1026 1071 1161 1150 Coeunt,

154 1157 210 1221 nisi
226 1155 468 1248 quiddfortuitum
493 1171 524 1220 et
539 1157 834 1247 subitumjnciuerit,
849 1159 940 1220 certis
956 1159 1072 1236 diebus,
1091 1159 1161 1220 eiam

153 1260 206 1307 aut
228 1244 386 1306 inclinatur
401 1244 483 1320 luna,
504 1257 556 1307 aut
581 1245 739 1330 impietur:
771 1267 840 1306 narn
857 1245 981 1328 agendis
998 1246 1087 1309 rebus
1103 1246 1161 1308 hoc

153 1330 424 1415 auspicatissimum
441 1331 556 1394 initium
580 1331 717 1394 credunt.
764 1331 834 1394 Nec
850 1332 966 1394 dierum
991 1353 1161 1409 numerum,

153 1432 189 1482 ut
204 1437 267 1494 nos,
281 1419 334 1480 sed
348 1419 480 1480 noctium
493 1431 680 1502 computant.
727 1416 779 1479 Sic
795 1419 992 1495 constituunt,
1002 1419 1044 1480 sio
1057 1419 1162 1481 condi·

153 1517 246 1568 cunt:
271 1526 332 1567 nox
349 1504 460 1566 ducere
475 1505 558 1566 diem
575 1505 703 1567 videtur.
751 1501 827 1565 lllud
845 1525 885 1565 ex
898 1504 1033 1567 libertate
1046 1505 1161 1583 vitium,

153 1589 237 1676 qubd
252 1613 312 1652 non
329 1589 429 1666 simul,
453 1611 510 1652 nec
534 1604 567 1652 ut
586 1589 661 1674 ju'ssi
687 1592 883 1664 conveniunt,
910 1590 964 1652 sed
988 1605 1018 1652 et
1043 1591 1116 1654 alter
1131 1605 1162 1655 et

154 1677 260 1741 tertius
287 1676 351 1737 dies
377 1677 570 1738 cunctatione
585 1677 759 1738 coeuntium
787 1676 962 1738 absumitur.
1008 1673 1052 1740 Ut
1068 1677 1161 1740 turbae

154 1762 279 1848 placuit,
300 1761 459 1824 considunt
474 1762 590 1824 armati.
637 1761 796 1824 Silentium
819 1783 873 1846 per
888 1743 1162 1848 Sacerdoteslbpui·

154 1849 290 1912 bustum
318 1862 349 1910 et
372 1848 533 1910 coercendi
545 1847 594 1933 jus
611 1863 665 1925 ast,
689 1848 861 1931 imperatur.
907 1847 984 1912 Mox
1001 1848 1085 1927 Rex,
1112 1849 1161 1912 vel

155 1933 304 2018 Princeps
329 1947 418 2018 prout
433 1950 502 1998 etas
516 1935 638 2019 cuique,
664 1950 753 2020 prout
778 1935 926 2014 nobilitas,
952 1952 1040 2018 prout
1066 1937 1165 2006 decus

153 2021 312 2098 bellorum,
339 2033 426 2104 prout
449 2016 589 2084 lacundia
613 2035 672 2100 est,
700 2021 870 2099 audiuntur,
898 2023 1074 2087 auctoritate
1090 2043 1160 2086 sua·

153 2107 247 2171 dandi
263 2104 367 2188 magis,
392 2107 483 2193 quarn
495 2107 622 2193 jubendi
650 2123 811 2193 potestate.
858 2109 890 2172 Si
917 2109 1067 2194 displicuit
1090 2131 1160 2173 sen·

154 2195 258 2272 tentia,
285 2193 404 2257 fremitu
432 2208 628 2279 aspernantur
639 2217 649 2274 ;
679 2196 723 2258 sin
741 2196 861 2278 placuit,
881 2195 1008 2260 frameas
1024 2197 1160 2263 concuti·

118 2327 120 2334 ι
153 2297 218 2346 unt.
265 2279 537 2344 Honoratissimum
550 2281 688 2344 assenstis
701 2304 795 2364 genus
811 2298 866 2360 est,
883 2284 972 2346 armis
988 2283 1123 2347 laudare.

147 2395 151 2402 ³
197 2366 273 2432 ΧΠ.
299 2367 388 2431 Licet
404 2369 483 2452 apud
500 2369 661 2432 concilium
687 2391 829 2434 accusare
856 2391 976 2456 quoque
1001 2385 1032 2434 et
1057 2368 1160 2433 discri-
1245 2399 1246 2402 ¹

152 2475 225 2519 men
248 2455 353 2540 eapitis
375 2448 562 2519 intendere?
591 2453 751 2520 Distinctio
780 2478 935 2541 poenarutn
964 2479 1004 2520 ex
1029 2457 1157 2542 delicto:

154 2542 321 2626 proditores
337 2556 367 2605 et
383 2542 549 2644 transfugas
567 2543 738 2616 arboribus.
749 2545 957 2628 suspendunt:
990 2545 1113 2626 ignavos
1128 2557 1160 2608 et
1193 2578 1206 2608 ι

153 2629 291 2692 imbelles
305 2643 337 2691 et
352 2630 484 2714 corpore'
497 2630 622 2693 infames
636 2631 728 2694 ooe‘no
748 2633 784 2694 ac
804 2621 925 2715 pallude,
941 2628 1061 2716 injeottl,
1078 2630 1167 2692 insu»

154 2732 315 2799 perarate,
333 2733 481 2799 mergunt.
527 2716 694 2780 Diversitas
705 2719 843 2803 supplicii
859 2719 929 2780 illuc
945 2716 1076 2796 respicit,
1093 2729 1159 2778 tatt-

152 2823 243 2886 quam
259 2803 375 2865 scelera
388 2803 507 2866 ostendi
532 2817 678 2885 oporteat,
695 2804 767 2864 dum
791 2803 963 2885 puniuntur,
980 2800 1089 2880 flagitia
1106 2801 1159 2863 alr-

151 2889 267 2952 scondi.
315 2888 379 2951 Sed
392 2904 423 2951 et
438 2889 599 2951 levioribus
611 2888 738 2963 delictis,
751 2910 805 2972 pro
817 2888 916 2960 modo,
930 2905 1040 2966 poena:
1063 2905 1158 2968 equo·

152 2997 219 3039 rum
235 2995 440 3060 pecorumque
456 2975 720 3037 numerooonrioti
736 2974 931 3036 mulctantur:
957 2991 1023 3052 pars
1036 2972 1155 3035 muletae

154 3061 247 3144 Regi,
265 3061 312 3123 vel
332 3060 456 3137 civitati,
480 3081 547 3142 pars
562 3059 628 3144 ipsi,
652 3061 702 3145 qui
721 3060 894 3130 vindicatur,
911 3055 960 3116 vel
985 3057 1158 3140 propinquis

152 3149 218 3234 ejus
233 3147 407 3210 exsolvitur.
454 3145 617 3226 Eliguntur
631 3147 660 3208 in
677 3147 780 3211 iisdem
793 3141 927 3204 conciliis
943 3155 974 3204 et
987 3141 1156 3226 Principes,

152 3234 204 3319 qui
216 3233 284 3318 jura
306 3254 361 3316 per
383 3253 475 3317 pagos
491 3233 633 3318 vicosque
649 3234 783 3296 reddant.
830 3226 961 3291 Centeni
977 3229 1100 3312 singulis
1116 3252 1157 3296 ex

153 3321 244 3406 plebe
259 3321 396 3394 comites,
412 3319 569 3383 eonsilium
586 3321 672 3384 sirnul
688 3331 718 3379 et
733 3317 902 3392 auctoritas,
919 3315 1039 3379 adsunt.

198 3404 291 3470 Xlll.
317 3405 401 3469 Nilril
417 3421 517 3470 autem
535 3429 634 3492 neque
649 3404 774 3488 publicae
786 3423 886 3486 neque
898 3403 1019 3487 privatae
1031 3404 1085 3482 rai,
1101 3407 1157 3472 nisi

150 3494 257 3558 armati
269 3508 372 3576 agunt.
417 3493 482 3556 sed
500 3515 581 3556 arma
602 3512 722 3554 sumere
738 3512 796 3552 non
813 3504 883 3552 ante
899 3490 1038 3574 cuiquam
1057 3493 1157 3572 moris,

152 3579 243 3666 quam
259 3581 365 3644 civitas
391 3580 585 3644 suffecturum
608 3577 790 3664 probaverit.
835 3575 917 3638 Tum
944 3577 973 3639 in
997 3578 1063 3662 ipso
1082 3601 1155 3644 oon-

10 3635 31 3720 i·
58 3701 82 3718 *-
150 3667 233 3745 cilio,
247 3668 294 3730 vel
313 3667 486 3750 Principum
499 3665 613 3751 aliquis,
630 3665 678 3728 vel
695 3679 790 3749 pater,
802 3663 849 3726 vel
867 3664 1060 3748 propinquus,
1073 3681 1158 3731 scuto

29 3747 35 3760 ⁴
152 3751 330 3842 lramebque
340 3753 486 3841 juvenem
501 3766 607 3818 ornant
618 3753 723 3904 :lppu
739 3751 820 3837 apud
837 3751 902 3816 illos
917 3766 997 3836 tuga,
1022 3752 1070 3816 hic
1096 3753 1157 3838 pri·
