2516 4250
108 227 151 293 A.
168 224 292 311 c.69.]
318 231 321 236 “
381 224 523 294 Hts'ron.
547 226 623 294 Lm.
647 227 838 296 chnttnns.
1068 229 1112 294 69

109 409 257 478 perventu
274 394 511 478 quartadecima
526 395 662 476 legionis,
673 393 786 479 junctis
801 417 819 458 a
834 393 973 458 Brixello
989 395 1110 473 viribus,

108 501 202 545 cesos
214 482 354 556 victores,
372 501 488 543 versam
506 482 631 564 partium
645 481 816 544 fortunam!
861 481 962 544 Causa
979 483 1110 564 fingendi

108 567 174 645 luit,
190 582 224 630 ut
239 567 403 650 diplomata
416 565 557 644 Othonis,
573 588 639 652 quaa
655 569 892 650 negligebantur,
909 569 1019 631 laetiore
1036 591 1111 632 nun·

108 655 151 718 tio
177 655 409 726 revalescerent.
457 653 499 716 Et
521 653 639 716 Coenus
663 655 784 738 quidem
811 655 914 738 rapidi:
945 657 974 718 in
1006 657 1109 718 urbem

109 755 225 818 vectus,
239 761 351 824 paucos
369 755 435 824 post
448 741 511 803 dies
522 739 607 825 jussu
620 739 732 803 Vitellii
751 762 855 824 poenas
871 742 935 804 luit.
982 742 1111 805 Senato-

108 849 174 891 rum
201 827 369 911 periculum
396 843 528 903 auctum,
555 827 747 890 credentibus
762 826 942 890 Othonianis
970 829 1110 892 militibus

108 935 180 977 vera
195 935 273 989 esse,
290 935 355 997 qnae
371 913 583 976 afferebantur.
620 912 801 976 intendebat
817 913 1016 990 formidinem,
1029 913 1111 1000 qndtl

108 999 220 1084 publici
235 1001 349 1062 consilii
367 999 442 1062 sacie
459 1001 623 1063 discessum
639 999 768 1076 Mutine,
797 1001 982 1086 desertaque
1011 1015 1110 1086 partes

107 1087 216 1150 forent.
262 1084 331 1148 Nec
348 1085 424 1148 ultra
439 1087 467 1149 in
484 1107 645 1149 commune
660 1085 823 1169 congressi,
836 1088 889 1149 sibi
901 1089 1026 1172 quisque
1037 1110 1111 1151 con·

107 1172 246 1236 soluere:
278 1175 376 1235 donec
400 1174 495 1236 missae
511 1195 528 1235 a
544 1170 642 1235 Fabio
658 1171 789 1235 Valente
805 1175 937 1256 epistolae
954 1176 1112 1238 demerent

106 1274 234 1322 metum.
273 1257 315 1321 Et
342 1281 420 1322 mors
444 1258 584 1338 Othonis,
609 1258 670 1345 qud
695 1260 881 1338 laudabilior,
911 1259 950 1323 eb
977 1261 1110 1326 velocibs

108 1345 220 1410 audita.

149 1429 224 1495 LV.
248 1431 291 1494 Ar
313 1429 422 1495 Rome
452 1432 525 1495 nibil
550 1433 775 1518 trepidationis:
804 1432 950 1497 Cereales
975 1434 1037 1497 ludi
1068 1455 1110 1498 ex

107 1539 191 1582 more
206 1519 431 1600 spectabantur.
477 1517 522 1582 Ut
537 1521 682 1583 ‘cessisse
699 1519 941 1597 vuambanem,
957 1536 988 1583 et
1004 1543 1020 1583 a
1036 1519 1110 1584 Fla·

108 1606 157 1670 vio
171 1605 296 1680 Sabino,
314 1604 462 1667 Praelecto
477 1605 567 1681 urbis,
591 1605 751 1690 quoderat
777 1607 806 1668 in
832 1607 903 1668 urbe
919 1607 1046 1669 rnilitum
1063 1627 1111 1670 sa·

106 1707 261 1755 cremento
273 1689 389 1753 Vitellii
406 1689 568 1769 adactum,'
580 1693 654 1755 certi
670 1707 807 1755 auctores
823 1692 851 1754 in
868 1693 1017 1756 theatrum
1031 1707 1109 1756 atto·

105 1779 215 1854 lerunt,
236 1776 366 1840 Vitellio
384 1777 543 1860 plausere:
573 1777 702 1861 populus
725 1799 795 1840 cunr
822 1778 905 1841 lauru
928 1799 964 1842 oc
987 1778 1109 1842 floribus

106 1864 213 1928 Galbae
228 1865 372 1945 imagines
387 1865 500 1927 circum
517 1865 631 1947 templa
654 1864 732 1941 tulit,
759 1866 910 1945 congestis
932 1865 961 1927 in
984 1865 1109 1928 modum

106 1951 214 2014 tumuli
228 1952 358 2027 coronis,
366 1949 456 2035 juxta
471 1951 569 2014 laeum
586 1949 696 2028 Curtii,
709 1971 799 2035 quern
817 1951 916 2014 locum
933 1951 1031 2014 Galba
1044 1973 1110 2015 mo·

105 2037 185 2100 siens
200 2038 344 2118 sanguine
360 2036 514 2100 iniecerat.
560 2035 595 2099 ln
611 2036 725 2100 Senatu
742 2052 860 2115 cuncta,
877 2038 972 2119 longis
985 2039 1110 2101 aliorum

106 2121 329 2207 Principatibus
344 2125 522 2206 composite,
533 2124 632 2187 statim
646 2124 858 2188 decernuntur.
882 2124 1002 2186 Additae
1020 2131 1110 2205 ‘erga

107 2207 306 2272 Germanicos
328 2211 479 2271 exercitus
494 2210 611 2285 laudes,
633 2211 816 2294 gratesque,'
838 2224 869 2272 et
885 2212 973 2272 missa
989 2210 1110 2290 legatio,

106 2315 172 2380 que
188 2295 298 2376 gaudio
315 2294 497 2377 fungeretur.
544 2295 691 2358 Recitata
707 2295 795 2358 Fabii
810 2295 948 2359 Valentis
964 2295 1109 2378 epistole,

105 2381 144 2444 ad
172 2379 325 2445 Consules
346 2383 464 2462 scripte
491 2381 571 2443 baud
598 2381 816 2445 immoderate:
845 2383 955 2465 gratior
981 2380 1110 2446 Cecinte

104 2467 253 2531 modestia
269 2467 430 2552 suit,‘qubd
448 2489 507 2530 nou
523 2467 701 2550 scripsisset.

149 2551 239 2618 LVI.
264 2552 411 2616 Cetertim
425 2552 509 2616 ltalia
524 2552 643 2635 gravibs
655 2568 746 2638 atquc
762 2554 902 2630 atrocibs,
916 2554 1004 2638 quam
1018 2554 1110 2631 bello,

104 2639 323 2704 afflictabatur:
349 2639 473 2722 dispersi
492 2661 546 2722 per
568 2640 732 2722 municipia
748 2655 779 2703 et
795 2641 928 2704 colonias
942 2639 1110 2718 Vitelliani,

103 2726 245 2810 spoliare,
262 2747 378 2808 rapere,
396 2726 423 2787 vi
442 2741 472 2788 et
487 2727 596 2809 stupris
613 2727 767 2809 polluere:
792 2727 820 2788 in
844 2748 935 2788 omne
952 2726 995 2788 las
1011 2725 1111 2789 nefas·

104 2833 164 2896 que
180 2812 260 2876 avidi
277 2827 327 2874 aut
345 2812 481 2888 venales,
497 2835 556 2876 non
578 2833 674 2889 seem,
691 2833 749 2876 noo
768 2811 891 2895 profano
907 2812 1107 2876 abstinebant.

104 2897 149 2963 Et
164 2897 258 2976 lutire,
283 2899 332 2982 qui
349 2899 484 2962 inimicos
499 2920 580 2975 snos,
603 2899 707 2982 specie
730 2899 868 2975 militum,
893 2899 1108 2962 interficerent.

102 2985 228 3070 Ipsique
244 2986 363 3062 milites,
379 2986 534 3066 regionum
551 2985 645 3067 gnari,
662 2983 787 3047 refertos
802 3007 898 3068 agros,
920 2985 996 3048 dites
1012 2985 1110 3049 domi-

103 3093 171 3149 nos,
185 3072 214 3134 in
227 3073 371 3156 predam,
387 3087 448 3146 aut,
459 3073 483 3134 si
499 3085 699 3155 repugnatum
716 3069 802 3148 soret,
819 3071 857 3134 ad
873 3072 1026 3134 excidium
1039 3072 1109 3135 des·

103 3157 258 3236 tinaban13
282 3159 420 3221 obnoxiis
437 3157 574 3222 Ducibus
590 3172 621 3221 et
638 3158 796 3241 probibere
812 3179 871 3220 non
888 3159 987 3221 ausis:
1010 3159 1109 3222 minus

103 3245 235 3309 avaritiae
261 3246 290 3308 in
315 3244 448 3320 Caecinit,
473 3245 541 3328 plns
557 3245 747 3308 ambitionis:
770 3243 894 3322 Valens,
916 3245 956 3307 ob
978 3246 1061 3308 lucre
1076 3259 1109 3308 et

126 3347 234 3396 aestus
256 3331 383 3408 infamis,
410 3330 509 3415 edque
532 3331 636 3394 aliene
658 3332 748 3396 etiam
770 3333 867 3415 culpe
894 3332 1106 3394 dissimulator.

103 3353 175 3481 lam
195 3419 309 3503 pridem
326 3419 432 3482 attritis
449 3416 540 3481 ltaliae
557 3417 657 3494 rebus,
673 3431 788 3481 tantum
806 3418 940 3502 peditum
956 3419 1107 3503 equitum·

103 3524 175 3590 que,
191 3506 234 3567 ris
250 3505 421 3590 damnaque
437 3519 467 3566 et
482 3503 606 3589 injurie,
621 3504 700 3586 egre
716 3505 931 3568 tolerabantur.

147 3588 253 3654 LVll.
277 3590 399 3654 luterio:
418 3589 570 3668 Vitellius,
589 3591 718 3654 victorie
733 3611 793 3654 sue
814 3591 943 3668 nescius,
959 3603 991 3653 ut
1007 3590 1044 3654 ad
1061 3590 1106 3654 in·

102 3692 221 3760 tegrum
237 3678 360 3756 bellum,
371 3678 500 3763 reliquas
512 3676 686 3741 Germanici
699 3676 850 3740 exercitlls
863 3678 940 3740 vires
956 3676 1104 3742 trahebat.

102 3762 199 3842 Pauci
216 3779 353 3830 veterum
375 3765 504 3830 militurn
528 3765 558 3829 in
584 3764 728 3850 hybernis
753 3763 858 3842 relicti,
882 3762 1026 3827 festinatts
1050 3783 1106 3848 per
