2508 4254
129 203 224 272 duc·
241 203 311 290 69.]
408 203 552 274 H1snon.
575 205 649 272 Lm.
673 204 840 274 Tanarus.
1069 210 1132 274 ltt

24 432 27 447 ,
129 370 327 456 Campaniam
342 369 424 434 bello
438 371 591 456 opposuit.
637 371 707 456 lpse
723 393 802 454 eger
817 371 918 448 animi,
933 369 1039 436 studiis
1055 371 1132 436 mili·

115 471 194 522 tum
225 473 257 520 et
284 457 464 522 clamoribus
486 459 598 542 populi,
622 479 703 521 arma
732 459 893 542 poscentis,
915 457 1130 522 refovebatur:

130 545 203 608 dum
227 544 333 627 vulgus
356 544 508 627 ignavum,
532 560 563 608 et
585 545 658 607 nibil
686 545 762 610 ultra
784 546 873 608 rerba
888 566 1041 622 ausurum,
1058 543 1132 608 salsi

129 630 233 714 specie
260 629 462 694 ‘exercitum'
489 644 520 693 et
546 630 709 711 ‘legiones'
735 631 878 733 appellat.
933 630 1131 696 Hortantibus

128 717 241 781 libertis
270 715 354 802 (narn
378 717 541 780 amicnmm
566 716 632 802 ejus
657 733 769 802 quanto
796 718 861 802 quis
888 717 1005 794 clarior,
1032 716 1131 780 minias
1212 781 1216 791 ,

131 803 223 886 fidus)
240 803 362 868 ‘vocari
388 802 491 866 tribus'
510 802 608 888 jubet.
653 800 773 867 Dentes
798 805 920 866 nomina
944 818 1134 868 sacramento

130 890 240 974 adigit:
264 888 470 973 superfluente
496 889 696 964 multitudine,
715 911 818 954 curam
835 889 970 954 delectds
992 891 1021 953 iu
1046 889 1133 954 Con·

129 977 212 1041 cules
228 977 363 1058 partitur.
410 975 573 1038 Servorum
589 997 747 1040 nnmerum
764 991 795 1040 et
811 977 927 1060 pondus
943 977 1058 1061 argenti
1075 976 1133 1040 Se·

129 1063 282 1126 natoribus
297 1061 409 1126 indicit.
455 1059 584 1148 Equites
599 1061 732 1126 Romani
747 1063 882 1127 obtulere
897 1085 1020 1147 operam
1039 1085 1133 1147 pecu·

128 1149 268 1234 uiasque,
292 1149 382 1213 etiam
408 1147 552 1212 libertinis
574 1148 655 1212 idem
679 1171 787 1213 munus
812 1149 890 1214 ultrd
913 1149 1128 1233 flagitantibus.

130 1234 180 1300 Ea
194 1233 344 1298 simulatio
358 1235 459 1311 officii,
486 1255 503 1298 a
526 1249 608 1298 metu
624 1234 769 1320 prosecta,
794 1250 923 1300 verterat
938 1237 966 1300 in
983 1234 1131 1300 savorem.

10 1362 11 1378 .
128 1319 173 1385 Et
189 1320 324 1406 plerique
337 1321 416 1384 baud
430 1321 554 1405 perinde
565 1319 732 1399 Vitellium,
743 1321 832 1407 quim
848 1343 952 1386 casum
967 1322 1131 1408 locumque

10 1399 11 1418 ¹
129 1405 321 1492 Principatds
336 1407 575 1472 miserabanturr
597 1430 655 1472 nec
677 1409 781 1471 deerat
808 1409 891 1493 ipse3
921 1409 1017 1486 vulto,
1044 1429 1132 1487 voce,

129 1493 283 1578 lacrymis,
299 1493 533 1558 misericordiam
548 1495 678 1572 elicere;
700 1495 799 1576 largus
815 1494 977 1577 promissis,
1001 1509 1042 1570 et,
1065 1515 1132 1578 quae

129 1593 236 1646 natura
264 1580 476 1664 trepidantium
503 1595 561 1655 est,
587 1580 777 1644 immodicus.
823 1578 906 1653 Quin
931 1594 961 1642 et
985 1579 1132 1644 cesarem

129 1687 164 1732 se
186 1667 244 1730 dici
270 1667 374 1745 voluit,
401 1681 578 1752 aspernatus
601 1681 708 1730 antea:
739 1667 793 1730 sed
816 1680 898 1742 tunc,
922 1666 1132 1750 superstitione

128 1754 269 1831 nominis,
281 1768 312 1816 et
324 1753 394 1839 quia
408 1755 437 1817 in
455 1769 537 1817 metu
552 1754 675 1817 consilia
691 1753 882 1836 prudentium
895 1767 926 1814 et
940 1752 1018 1835 vulgi
1030 1773 1133 1815 mmor

124 1838 217 1926 juxti
236 1840 406 1904 audiuntur.
452 1839 611 1917 Ceteram,
635 1853 669 1903 ut
694 1839 795 1902 omnia
820 1837 979 1903 inconsulti
1001 1836 1132 1920 impetita

10 1932 14 1941 '
129 1939 244 2009 coapta,
269 1927 357 1990 initiis
380 1926 489 2005 valida,
515 1927 611 2012 spatio
637 1927 846 2008 languescunt,
870 1925 958 1988 dilabi
986 1923 1130 2008 paulatim

130 2010 292 2074 Senatores
308 2012 509 2094 Equitesque‚
525 2012 621 2093 primo
643 2024 828 2086 cunctanter,
853 2027 896 2087 et,
916 2011 967 2072 ubi
989 2012 1054 2092 ipse
1070 2031 1130 2074 non

131 2096 246 2173 aderat,
259 2117 331 2161 mox
345 2096 522 2160 contemtim
534 2107 565 2158 et
579 2095 643 2158 sine
659 2095 851 2173 discrimine3
877 2096 975 2159 donec
990 2094 1132 2160 Vitellius

127 2183 244 2269 pudore
260 2183 330 2246 irriti
346 2181 483 2260 conatds,
498 2203 564 2266 que
580 2203 639 2245 non
655 2181 814 2258 dabantur,
833 2183 957 2244 remisit.

173 2267 266 2334 LIX.
288 2267 333 2332 Ut
348 2283 490 2333 terrorem
506 2267 600 2332 Italia
616 2289 753 2352 possessa
769 2267 922 2346 Mevania,
936 2289 972 2331 ac
984 2268 1066 2332 velut
1082 2289 1131 2332 re·

129 2367 234 2418 natum
251 2375 291 2417 ex
313 2355 430 2436 integro
444 2355 570 2432 bellum,
586 2354 744 2432 intulerat3
767 2354 806 2417 ita
823 2354 902 2417 baud
919 2355 1043 2418 dubium
1059 2375 1132 2438 erga

130 2437 293 2506 Flavianas
310 2456 407 2524 partes
418 2441 548 2505 studium
564 2455 625 2504 tam
641 2441 768 2525 pavidus
781 2438 896 2504 Vitellii
912 2441 1061 2505 discessus
1076 2441 1130 2504 ad·

129 2527 215 2592 didit.
262 2526 393 2591 Erectus
409 2527 528 2591 Samnis
543 2525 750 2612 Pelignusque
765 2540 797 2590 et
812 2525 905 2591 Marsi
930 2528 1131 2605 emulatione,

128 2613 210 2699 qudd
223 2611 608 2698 Campaniapraevenisset,
617 2629 651 2676 ut
667 2615 694 2676 in
707 2635 786 2677 novo
797 2613 954 2699 obsequio,
966 2613 1003 2676 ad
1020 2627 1131 2678 cuncta

127 2700 200 2764 belli
215 2700 317 2762 monia
332 2721 416 2764 acres
431 2713 526 2762 erant.
573 2699 636 2763 Sed
653 2698 736 2763 toeda
756 2700 879 2783 hyeme,
905 2720 959 2782 per
973 2701 1129 2764 transitum

127 2786 283 2870 Apennini
297 2785 487 2850 conflictatus
502 2786 665 2861 exercitus,
677 2799 709 2848 et
724 2786 774 2848 vix
791 2787 893 2869 quieto
908 2786 1027 2866 agmine
1043 2787 1129 2848 nives

128 2871 337 2948 eluctantibus,
362 2872 468 2956 patuit,
492 2887 635 2956 quantum
651 2871 827 2934 discriminis
850 2871 1022 2933 adeundum
1040 2870 1128 2948 soret,

127 2959 158 3022 ni
172 2956 330 3022 Vitellium
350 2971 430 3022 retro
452 2956 587 3021 Fortuna
602 2957 757 3019 vertisset:
782 2978 847 3040 quae
864 2955 1017 3018 Flavianis
1033 2956 1131 3019 Duci-
1240 3011 1241 3018 ,

127 3043 183 3108 bus
198 3064 261 3108 non
277 3044 374 3108 minias
389 3043 482 3129 saepia,
498 3042 587 3128 quim
601 3041 686 3118 ratio,
702 3041 795 3105 affuit.
841 3040 975 3103 Obrium
991 3041 1052 3103 illic
1068 3041 1130 3104 Pe·

4 3187 5 3192 ,
126 3131 221 3196 tilium
237 3129 389 3194 Cerialem
407 3129 551 3206 habuere,
574 3128 683 3212 agresti
699 3127 780 3192 cultu
808 3140 839 3190 et
865 3125 971 3190 notitiis
993 3126 1128 3190 locorum

4 3251 5 3292 3
127 3217 278 3281 custodias
305 3214 419 3280 Vitellii
449 3216 597 3300 elapsum.
653 3213 828 3298 Propinqua
859 3213 987 3276 affinitas
1013 3211 1127 3277 Ceriali
1238 3275 1239 3281 ,

126 3324 197 3367 cum
212 3302 411 3387 Vespasiano,
434 3323 493 3365 nec
517 3303 581 3386 ipse
604 3301 745 3383 inglorius
765 3300 895 3364 militie:
925 3299 1025 3386 edque
1052 3301 1130 3364 inter

127 3387 234 3454 Duces
259 3403 407 3453 assumtus
431 3401 487 3451 est.
533 3386 665 3450 ‘Flavio
680 3408 800 3472 quoque
825 3386 940 3451 Sabino
959 3407 995 3450 ac
1019 3385 1129 3449 Domi·

126 3476 207 3540 tiano
223 3475 353 3560 patuisse
369 3473 536 3558 effugium,'
553 3473 638 3538 multi
654 3473 814 3558 tradi-dere.
861 3471 903 3536 Et
919 3473 999 3536 missi
1015 3473 1053 3535 ab
1063 3473 1128 3534 An·

125 3562 209 3626 tonio
224 3561 318 3624 nuntii
336 3582 390 3644 per
405 3562 500 3625 varias
515 3559 636 3624 fallendi
652 3573 730 3624 artes
748 3560 955 3644 penetrabant,
973 3559 1074 3622 locum
1091 3578 1127 3621 ac
1234 3583 1236 3612 τ

125 3646 303 3712 Presidium
328 3661 537 3710 monstrantes.
584 3646 714 3710 Sabinus
729 3647 889 3710 inhabilem
905 3645 998 3708 labori
1021 3658 1052 3707 et
1072 3663 1127 3706 au·

125 3732 218 3802 dacia
234 3733 437 3800 valetudinem
452 3732 650 3800 causabatur:
682 3731 858 3798 Domitiano
873 3731 976 3800 aderat
990 3731 1126 3808 animus;
