2508 4254
111 191 174 254 114
332 253 337 262 ,
444 186 486 255 C.
509 187 618 252 Coau.
642 187 767 254 Taeter
902 190 957 282 [A.
972 189 1016 254 U.
1032 191 1117 254 822.

107 353 178 441 quid
196 351 326 416 Verona
343 352 469 416 militum
493 352 589 419 foret:
618 353 798 439 Padumque
813 369 844 418 et
859 375 943 420 mare
957 375 1118 419 commea-

108 442 187 504 tibus
201 439 370 524 compleri.'
416 438 513 504 Erant
528 440 606 506 inter
621 439 736 517 Duces,
755 442 805 526 qui
821 455 977 506 necterent
993 464 1117 506 moras:

110 529 221 613 quippe
234 527 343 590 nimius
354 523 416 610 jam
433 526 594 604 Antonius,
606 541 638 590 et
652 528 779 590 certiora
794 549 835 590 ex
851 525 995 590 Muciano
1010 549 1119 612 spera-

110 615 228 677 bantur.
275 611 415 696 Namque
429 611 601 689 Mucianus,
617 627 678 676 tam
694 614 786 676 celeri
799 613 924 678 victoriis
938 615 1058 692 anxius,
1070 627 1116 691 et,
1208 679 1215 692 ,

109 702 139 762 ni
156 721 284 785 praesens
301 699 373 762 urbe
398 699 552 782 potiretur,
579 714 738 783 expertem
754 722 787 766 se
804 700 873 762 belli
890 700 1051 784 gloriaeque
1066 722 1117 764 ra·

110 803 168 862 tus,
195 785 232 848 ed
250 785 386 848 Primum
408 800 440 848 et
458 783 573 850 Varum
589 787 689 850 media
703 786 898 870 scriptitabat,
922 786 1115 850 ‘instandum

109 872 239 957 coeptis‚'
256 885 307 934 aut
323 893 434 949 rursus,
450 873 633 937 ‘cunctandi
649 872 810 939 ultilitates’
827 872 1007 949 edisserens,
1021 886 1117 958 atque

111 961 152 1022 ita
166 961 361 1042 compositus,
384 972 418 1020 ut
432 979 473 1022 ex
495 974 607 1022 eventu
623 980 722 1022 rerum
743 959 869 1024 adversa
891 959 1048 1036 abnueret,
1063 959 1116 1022 uel

112 1067 253 1130 prospera
269 1059 456 1126 agnosceret.
471 1119 474 1124 Ι
502 1044 637 1108 Plotium
653 1045 815 1130 Gripbum,
831 1065 927 1130 nuper
942 1045 980 1110 eb
993 1043 1117 1130 Vespa·

111 1135 194 1196 siano
210 1132 239 1194 in
256 1129 447 1194 Senatorium
470 1131 606 1196 ordinem
624 1133 771 1209 additum,
786 1152 822 1195 ee
837 1131 948 1214 legioni
971 1132 1117 1215 preposi-

111 1234 187 1293 tum,
203 1233 382 1302 ceterosque
397 1217 452 1280 sibi
468 1217 554 1294 lidos,
564 1218 701 1299 apertius
716 1217 842 1282 monuit.
888 1216 973 1302 lique
996 1237 1116 1295 omnes,

111 1305 149 1366 de
167 1303 354 1370 festinatione
371 1302 464 1366 Primi
481 1325 516 1368 ec
533 1303 607 1368 Vari
621 1304 750 1382 sinistre,
762 1319 793 1368 et
809 1302 955 1366 Muciano
970 1303 1116 1380 volentia,
1214 1363 1216 1368 ,
1237 1363 1238 1366 ,

111 1389 303 1472 rescripsere.
348 1387 470 1464 Quibus
485 1391 619 1474 epistolis
632 1389 823 1475 Vespasiano
837 1389 945 1466 missis,
957 1391 1114 1467 effecerat,

112 1493 143 1543 ut
160 1499 219 1539 non
237 1497 357 1560 prospe
375 1475 498 1540 Antonii
511 1476 635 1546 consilia
650 1476 789 1562 factaque
804 1475 870 1561 ejus
879 1477 1113 1540 aestimarentur.

155 1561 243 1626 Llll.
268 1562 363 1644 AEgre
387 1562 416 1626 id
442 1563 502 1646 pati
519 1563 681 1640 Antonius,
697 1578 728 1626 et
742 1563 863 1648 culpam
889 1563 919 1626 in
936 1561 1116 1628 Mucianum
1214 1591 1216 1594 ·

110 1649 258 1726 conferre,
287 1648 373 1732 cujus
401 1649 656 1714 criminationibus
682 1649 856 1714 eviluissent
884 1649 1015 1733 pericula
1037 1670 1115 1713 sua:
1211 1727 1214 1736 Ι

111 1759 168 1802 nec
183 1737 372 1800 sermonibus
387 1736 585 1818 temperabat,
601 1736 779 1800 immodicus
793 1733 908 1817 lingui,
931 1748 962 1798 et
977 1735 1115 1819 obsequii

111 1823 262 1886 insolens:
297 1822 397 1886 literas
427 1822 465 1886 ad
490 1820 712 1905 Vespasianum
744 1822 926 1905 compesuit,
950 1820 1116 1906 jactantibs
1206 1861 1208 1866 ,
1237 1855 1238 1896 r

112 1911 201 1994 qubm
218 1909 255 1970 ad
273 1907 458 1991 Principem,
481 1930 539 1972 nec
561 1909 625 1974 aine
640 1907 763 1974 occultb
775 1909 806 1972 in
822 1906 998 1972 Mucianum
1015 1908 1117 1970 insec-

110 1997 241 2060 tatione:
266 2001 317 2056 ‘se
334 1994 525 2058 Pannonicas
540 1995 674 2078 legiones
697 1996 726 2058 in
749 2016 831 2058 erma
846 1993 964 2076 egisse:
985 1995 1047 2058 suis
1061 1995 1115 2058 sti-

112 2081 199 2146 mulis
215 2081 332 2144 excitos
354 2080 471 2144 Moesiae
487 2080 603 2158 Duces,
626 2081 682 2146 sut
703 2079 871 2148 constantie
887 2095 1042 2164 perruptas
1057 2081 1116 2144 Al·

113 2189 177 2254 pes,
204 2181 384 2250 occupatam
408 2165 536 2245 ltaliam,
562 2169 727 2251 intersepta
750 2167 971 2232 Germanorum
988 2167 1116 2230 Rheto-

111 2275 238 2339 rumque
261 2253 383 2318 auxilia.
429 2251 522 2332 erd
539 2253 692 2320 discordes
707 2254 917 2338 dispersasque
935 2252 1049 2319 Vitellii
1069 2254 1114 2316 le·

112 2341 216 2425 gisnes
228 2341 356 2425 equestri
375 2337 517 2424 procelle,
530 2361 602 2404 mort
620 2340 755 2423 peditum
768 2341 809 2417 vi,
822 2340 964 2424 perdiem
978 2353 1116 2404 noctem·

113 2450 183 2514 que,
199 2425 335 2502 fudisset,
348 2427 376 2488 id
394 2427 640 2510 pulcherrimum,
655 2441 687 2490 et
701 2427 746 2490 sui
762 2427 872 2512 operis.
904 2423 1019 2490 Cesum
1035 2425 1115 2490 Cre-

112 2537 208 2580 mona
225 2514 305 2576 bello
322 2512 550 2595 imputandum:
581 2512 694 2598 majore
710 2513 832 2590 damno,
850 2512 979 2597 plurium
989 2512 1114 2604 ⁸urbium

112 2601 249 2676 excidiis,
282 2613 400 2660 veteres
429 2597 541 2662 civium
572 2599 734 2662 discordias
761 2597 952 2682 Reipublicae
983 2599 1113 2662 stetisse.

113 2685 184 2750 Non
210 2707 244 2748 se
267 2685 388 2761 nuntiis,
411 2707 510 2770 neque
526 2685 670 2770 epistolis,
685 2686 738 2750 sed
756 2707 846 2751 mauu
862 2699 893 2748 et
908 2685 996 2748 armis
1012 2683 1115 2768 Impe-

113 2774 199 2836 ratori
216 2793 271 2836 sue
288 2773 433 2836 militare:
455 2794 555 2856 neque
567 2773 688 2838 officere
704 2773 804 2854 glorie
819 2793 935 2848 eorum,
945 2773 994 2856 qui
1008 2771 1114 2834 Asiam

113 2859 231 2924 iuterim
247 2858 492 2944 composuerint:
517 2859 573 2922 illis
589 2858 706 2922 Moesiae
723 2880 843 2944 pacem,
856 2858 911 2922 sibi
926 2857 1054 2920 salutem
1066 2879 1114 2922 se·

112 2948 331 3030 curitaternque
363 2945 465 3022 ltalie,
495 2946 578 3010 cordi
609 2945 710 3018 fuisse.
762 2944 831 3008 Suis
857 2945 1114 3010 exhortationibus

114 3035 229 3100 Gallias
252 3032 485 3119 Hispaniasque,
512 3032 722 3096 validissimam
752 3045 896 3096 terrarum
923 3047 1051 3114 partem,
1076 3029 1114 3094 ad

115 3121 336 3206 Vespasianum
352 3139 524 3182 conversas.
571 3118 634 3181 Sed
649 3118 794 3182 cecidisse
809 3118 839 3182 in
854 3118 966 3182 irritum
987 3118 1113 3194 labores,

113 3213 135 3272 si
153 3209 272 3292 praemia
301 3206 500 3290 periculorum
522 3205 577 3268 soli
603 3218 809 3290 assequantur,
832 3204 882 3289 qui
899 3203 1039 3287 periculis
1054 3225 1113 3266 non

114 3291 275 3358 affuerint.'
321 3291 389 3355 Nec
407 3289 539 3354 fefellere
566 3312 603 3354 ea
629 3290 826 3354 Mucianum:
854 3290 924 3354 inde
947 3311 1054 3373 graves
1075 3291 1113 3352 si·

114 3380 277 3445 multatest
300 3399 373 3462 quas
391 3377 541 3440 Antonius
555 3377 732 3462 simplicius,
747 3375 908 3442 Mucianus
922 3375 1043 3454 callide,
1063 3375 1113 3440 ed-

115 3489 173 3553 que
190 3463 406 3548 implacabilius
422 3465 582 3527 nutriebat.

157 3550 246 3618 Ltv.
270 3552 312 3614 At
329 3547 481 3626 Vitellius,
497 3549 595 3614 fractis
611 3549 690 3632 apud
708 3549 893 3615 Cremonam
917 3549 1019 3626 rebus,
1039 3571 1113 3612 nen·

73 3650 77 3660 ’
113 3641 169 3704 tios
184 3637 279 3702 cladis
301 3636 468 3712 occultans,
494 3636 586 3700 stulta
601 3637 847 3714 dissimulatione,
868 3636 1001 3700 remedie
1018 3636 1114 3718 potiris

113 3726 269 3801 malorum,
297 3723 386 3810 quam
404 3723 493 3800 male,
516 3723 685 3788 differebat.
731 3723 857 3808 Quippe
873 3723 1027 3788 confitenti
1042 3743 1114 3788 con·
