2508 4254
105 205 153 270 A.
168 203 208 268 C.
224 201 294 282 69.]
399 193 542 265 Hrsrott.
565 199 642 264 Lrs.
665 199 831 264 Tanatus.
1053 204 1116 271 129

8 339 10 476 l
112 370 210 457 quiin
235 381 351 454 partem
368 366 515 430 sinistram
531 366 623 443 urbis,
649 365 687 429 ad
712 365 909 430 Sallustianos
929 367 1041 449 hortos,
1065 392 1119 458 per

112 473 240 540 angusta
264 469 295 518 et
319 455 433 518 lubrica
451 455 564 516 viarum
581 452 740 516 flexerant.
788 453 1002 538 Superstantcs
1017 479 1119 522 mace·

111 546 164 610 riis
180 545 333 608 hortorum
349 539 514 618 Vitelliani,
538 540 575 603 ad
598 561 697 603 serum
715 562 810 625 usque
826 542 918 620 diem,
941 545 1021 608 saxis
1038 547 1119 630 pilis-

114 653 174 716 que
186 631 350 694 subcuutes
360 628 519 692 arcebant:
544 627 642 690 donec
658 628 695 690 ab
707 629 867 712 equitibus,
881 630 930 714 qui
944 631 1030 714 portui
1043 631 1119 700 Col·

113 717 177 782 lind
191 719 368 801 irruperant,
383 715 683 779 circumvenirentur.
717 714 952 781 concurrerem
967 719 996 782 in
1008 741 1119 804 campo

113 805 226 872 Martio
241 803 356 868 infesta
372 803 463 866 acies.
508 801 571 865 Pro
586 800 739 864 Flavianis
756 801 891 866 Fortuna
915 819 946 868 et
970 821 1053 890 parta
1072 821 1119 872 to-

116 893 193 956 tiens
217 891 360 966 victoria;
393 887 547 952 Vitelliani
577 889 787 974 desperatione
817 889 883 953 solti
907 893 1054 956 ruebant:
1088 908 1119 960 et

117 1001 195 1065 quan
220 1001 288 1042 uam
306 977 394 1060 pulsi,
410 997 510 1040 rursus
526 977 553 1039 in
570 976 644 1038 urbe
659 976 929 1060 congregabantur.

160 1065 191 1128 L
225 1063 352 1128 XXIII.
375 1063 491 1126 Aderat
517 1063 717 1148 pugnantibus
733 1078 884 1145 spectator
907 1066 1047 1150 populus,
1072 1081 1120 1132 ut-

140 1173 179 1216 ue
191 1153 221 1216 in
236 1151 351 1214 ludicro
366 1151 542 1226 certamine,
556 1151 620 1228 hos,
631 1171 730 1213 rursus
746 1150 811 1212 illos
822 1150 954 1214 clamore
970 1167 1001 1216 et
1012 1155 1118 1238 plausu

118 1175 259 1304 dovebat:
283 1237 419 1323 quotiens
444 1258 512 1322 pars
528 1237 620 1300 altera
636 1235 819 1316 inclinasset,
843 1238 960 1302 abditos
975 1241 1003 1302 in
1021 1242 1120 1305 taber·

117 1327 175 1404 nis,
192 1341 252 1403 aut,
267 1325 397 1410 siquam
412 1325 442 1386 in
459 1325 582 1387 domum
599 1322 803 1408 perfugerant,
815 1331 829 1400 .‘
841 1325 904 1388 erui
915 1325 1119 1412 jugularique’

117 1413 357 1497 expostulantes,
386 1425 470 1496 parte
497 1410 609 1493 majore
636 1411 742 1495 praedaa
772 1411 972 1495 potiebantur.
1027 1413 1120 1493 Nanr,

118 1501 212 1564 milite
228 1500 266 1563 ad
281 1499 457 1581 sanguinem
475 1511 506 1562 et
520 1498 619 1561 caedes
633 1497 773 1570 obverso,
789 1498 884 1581 spolia
900 1497 929 1560 in
947 1499 1053 1583 vulgus
1068 1523 1120 1564 ce·

117 1587 240 1650 debant.
287 1585 374 1649 Saeva
389 1606 424 1648 ac
441 1583 582 1648 delormis
598 1584 672 1646 urbe
684 1583 747 1646 totd
760 1583 871 1647 facies:
893 1585 961 1648 alibi
975 1588 1074 1669 praelia
1089 1601 1121 1650 et

118 1675 261 1751 vulnera;
285 1673 354 1736 alibi
378 1671 503 1734 balineae
530 1671 728 1756 popinaeque:
757 1671 845 1733 simul
860 1693 948 1734 eruor
970 1687 999 1736 et
1024 1687 1121 1737 strues

118 1781 278 1845 corporum
293 1781 301 1822 :
319 1758 410 1844 juxta
424 1773 522 1821 scorta
534 1773 564 1822 et
575 1758 680 1820 scortis
692 1757 823 1820 similes:
848 1772 991 1842 quantum
1007 1760 1036 1822 in
1053 1761 1122 1823 lux·

119 1848 218 1911 urioso
232 1847 294 1909 otio
309 1845 486 1922 libidinum
509 1842 651 1929 quioquid
676 1845 705 1906 ln
731 1843 923 1907 acerbissirnri
948 1847 1121 1930 captivitate

119 1935 288 1998 scelerum:
310 1954 433 2017 prorsus
448 1946 481 1994 ut
496 1932 624 1994 eandem
641 1931 793 1994 civitatem
810 1945 841 1994 ct
861 1931 959 1996 furere
981 1934 1122 1998 crederes

20 2027 23 2034 ⁴
119 2037 152 2084 et
166 2021 314 2084 lascivire.
360 2017 571 2082 Conflixeraot
593 2017 663 2080 ante
680 2019 783 2082 armati
808 2019 958 2083 exercitus
984 2021 1013 2083 in
1037 2021 1122 2100 urbe,

120 2108 166 2171 bis
189 2106 228 2170 L.
261 2105 358 2190 Sylla,
385 2105 480 2168 semel
507 2104 609 2168 Cinna
634 2105 816 2168 victoribus:
839 2127 896 2169 nec
922 2122 994 2170 tunc
1024 2109 1122 2172 minus

120 2194 323 2258 crudelitatis:
346 2215 427 2256 nunc
442 2193 605 2254 inhumana
627 2191 782 2269 securitas,
798 2207 827 2256 et
850 2214 889 2255 ne
912 2193 1035 2256 minimo
1059 2197 1123 2279 qui·

109 2277 192 2344 'dem
209 2279 353 2364 temporis
368 2279 538 2364 voluptates
553 2279 750 2342 intermissa:
774 2279 857 2343 velut
872 2278 954 2343 sestis
970 2281 1077 2344 diebus
1092 2282 1122 2344 id

123 2389 242 2454 quoque
266 2367 407 2450 gaudium
431 2365 600 2442 accederet,
621 2365 809 2444 exultabant,
825 2364 1019 2448 sruebaotur3
1041 2367 1124 2431 nullai

123 2453 254 2540 partium
266 2452 348 2529 aurit,
366 2453 449 2516 malis
466 2452 592 2537 publicis
608 2452 677 2516 laeti.
831 2461 833 2466 '

145 2561 147 2564 ·
165 2538 352 2604 LXXXIV.
376 2539 545 2602 Plurimum
563 2540 693 2602 molisio
717 2540 941 2624 oppugnatione
957 2551 1123 2606 castrorum

124 2627 188 2706 luit,
206 2649 271 2712 quac
288 2627 449 2690 acerrimus
473 2626 611 2711 quisque,
628 2641 659 2690 ut
681 2627 873 2690 novissimam
896 2649 995 2712 spem,
1016 2629 1126 2692 retine-

122 2715 204 2778 bant.
252 2712 301 2776 Eo
316 2713 458 2776 intentius
475 2713 615 2788 victores,
635 2713 785 2796 praecipuo
802 2728 937 2776 veterum
954 2715 1125 2778 cohortium

123 2801 234 2877 studio,
245 2815 355 2864 cuneta
371 2800 619 2862 validissimarum
633 2799 750 2862 urbium
767 2800 893 2862 excidiis
908 2815 1026 2885 reperta
1038 2803 1126 2866 simul

125 2889 299 2964 admovent,
315 2887 507 2964 testudinem,
524 2899 683 2961 tormenta,
694 2907 829 2967 aggeres,
842 2885 1002 2970 sanesque:
1020 2889 1127 2972 ‘quic-

24 2965 31 2976 '
124 2975 194 3060 quid
218 2988 263 3038 tot
287 2974 393 3059 praeliis
419 2973 528 3036 laboris
551 2993 586 3036 ac
603 2972 734 3055 ¹periculi
758 2972 935 3051 hausissent,
959 2993 1054 3057 opere
1076 2976 1128 3038 illo

123 3060 350 3138 consummari,'
372 3060 571 3122 clamitantes.
618 3057 757 3122 ‘Urbem
786 3058 910 3122 Senatui
941 3081 976 3122 ac
1006 3059 1129 3144 Populo

126 3147 280 3224 Romano,
296 3147 408 3231 templa
424 3146 493 3210 Diis
507 3146 645 3210 reddita:
669 3146 822 3230 proprium
837 3167 904 3209 esse
921 3147 1021 3210 militis
1034 3147 1128 3211 decus

125 3235 303 3299 incastris:
325 3233 405 3296 illam
431 3234 568 3318 patriam,
593 3233 658 3295 illos
676 3232 830 3296 Penates:
852 3235 881 3296 ni
898 3234 998 3296 statim
1023 3236 1130 3321 recipi-

126 3335 225 3398 antur,
255 3335 378 3384 noctem
408 3321 436 3383 in
464 3321 553 3382 armis
591 3321 763 3399 agendam.’
817 3319 934 3385 Contra
962 3319 1128 3403 Vitelliani,

127 3429 298 3495 quanquam
316 3427 441 3470 numero
465 3406 585 3491 latoque
609 3407 754 3490 dispares,
777 3407 944 3492 inquietare
961 3409 1128 3489 victoriam,

128 3496 236 3560 morari
268 3515 387 3579 pacem,
415 3495 521 3557 domos
546 3513 672 3578 arasque
698 3515 803 3557 cruore
830 3494 966 3572 soedare3
988 3517 1130 3580 suprema

127 3583 213 3646 victis
243 3582 348 3646 solatia
378 3581 648 3666 amplectebantur.
695 3579 786 3644 Multi
809 3583 1011 3660 semianimes,
1038 3605 1130 3667 super

129 3684 226 3734 turres
250 3683 282 3732 et
300 3669 524 3754 propugnacula
551 3668 695 3731 uroeuiuru
716 3669 921 3752 exspiravere.
967 3671 1131 3734 Convulsis

128 3757 233 3844 portis,
259 3756 392 3843 reliquus
421 3755 529 3840 globus
550 3754 658 3818 obtulit
679 3775 712 3819 se
736 3756 914 3820 victoribus:
936 3771 970 3819 et
992 3757 1132 3822 cecidere
