2484 4316
121 209 213 276 A.C.
230 209 307 292 69.]'
402 205 543 272 Hieron.
567 205 643 270 Lm.
668 205 844 283 Quaarnst
1067 207 1129 274 137

119 375 265 446 imbuant.
296 370 420 436 'Fuisse
431 369 620 455 Vespasiano
636 369 796 437 amicitiam
812 391 882 434 cum
898 367 1047 448 Thraseal,
1065 369 1124 435 So·

118 483 203 539 rano,
217 459 340 523 Sentio:
366 479 491 542 quorum
508 473 706 533 accusatores,
720 459 835 521 etiarnsi
850 458 945 542 puniri
962 479 1020 520 nnn
1032 479 1122 542 opor·

119 563 191 625 teat,
215 545 358 610 ostentari
374 563 434 608 non
450 544 580 608 debere:
610 545 671 608 boc
688 543 819 607 Senatus
837 543 952 628 judicio
970 544 1052 606 velut
1068 543 1121 606 ad-

119 655 236 698 moneri
227 617 438 714 Principem,
455 651 529 716 quoe
550 631 669 714 probet,
693 649 767 714 quos
783 629 976 694 reformidet
1004 629 1120 692 nullum

118 720 216 805 majus
242 719 312 782 boni
336 717 459 802 Imperii
488 718 729 794 instrumentum,
758 739 847 800 quarn
874 717 970 780 bonos
995 717 1119 779 amicos.

90 802 92 807 ¹
120 805 200 870 Esse
214 803 287 868 satis
298 803 456 880 Marcello,
470 803 549 887 qubd
566 802 745 902 Neronem
738 803 905 865 inexilium
919 817 962 866 tot
977 803 1122 866 innocen·

81 943 83 946 .
117 893 194 956 tium
210 890 371 974 impulerit.
410 887 576 952 Frueretur
591 883 717 973 praemiis
733 903 764 952 et
779 889 976 973 impunitate3
1001 887 1121 975 Vespa-

118 979 235 1042 sianum
252 975 424 1040 melioribus
438 975 644 1060 relinqueret!

164 1062 254 1126 VIII.
279 1061 487 1139 Marcellus,‘
500 1083 559 1124 non
574 1083 659 1125 suam
675 1063 855 1145 sententiam
871 1063 1050 1146 impugnari,
1066 1062 1120 1125 sed

119 1149 288 1214 Consulem
315 1148 502 1230 designatum
519 1149 682 1211 censuisse’
700 1149 829 1225 dicebat,
858 1149 1043 1212 ‘secundum
1068 1169 1121 1211 ve-

118 1249 185 1299 tera
205 1235 358 1318 exempla,
374 1256 439 1318 quae
455 1248 566 1298 sortem
582 1236 780 1318 legationibus
797 1235 977 1318 posuissent,
1000 1257 1039 1298 ne
1056 1257 1120 1298 am·

118 1322 223 1386 bitioni
239 1335 290 1384 aut
305 1321 466 1384 inimicitiis
481 1321 565 1383 locus
581 1321 667 1386 soret.
713 1321 798 1384 Nihil
815 1323 963 1398 evenisse,
975 1343 1029 1384 cur
1045 1321 1120 1384 anti·

103 1407 220 1492 quiuis
236 1408 369 1471 instituta
384 1407 612 1470 exolescerent:
636 1421 686 1470 aut
702 1407 851 1490 Principis
868 1408 963 1470 honor
977 1409 1006 1470 in
1019 1407 1121 1492 cujus-

119 1513 210 1578 quam
233 1493 447 1556 cnntumeliam
472 1507 655 1556 verteretur:
680 1495 817 1556 sufficere
832 1515 939 1556 omnes
954 1493 1118 1576 obsequio:

117 1580 148 1642 id
164 1578 259 1662 magis
269 1579 434 1656 vitandum,
451 1601 489 1640 ne
505 1579 676 1662 pervicacia
691 1579 877 1663 quorundam
894 1580 1057 1641 irritaretur
1068 1599 1121 1641 an-

117 1665 205 1742 imus,
221 1688 301 1728 novo
316 1665 492 1748 Principatu
508 1687 681 1748 suspensus,
705 1679 735 1727 et
756 1665 855 1726 vultus
871 1686 990 1748 quoque
1007 1685 1043 1726 ac
1058 1685 1122 1728 ser·

118 1771 224 1814 mones
239 1753 373 1814 omniunt
389 1753 656 1851 circumspectans.
696 1750 739 1812 Se
752 1751 922 1812 meminisse
939 1765 1120 1850 temporum,

118 1837 225 1922 quibus
240 1852 327 1901 natus
342 1838 389 1914 sit,
407 1858 496 1936 quarn
515 1837 642 1900 civitatis
658 1831 802 1899 sormam
801 1851 901 1919 patres
917 1837 1024 1921 avique
1040 1837 1122 1902 insti·

117 1924 243 1988 tuerint:
269 1925 406 1988 ulteriora
424 1924 533 2000 mirari,
546 1923 702 2008 praesentia
717 1920 819 2007 sequi:
844 1923 938 1986 bonos
954 1923 1122 2006 Imperato-

117 2029 166 2072 res
180 2025 248 2074 voto
263 2024 419 2093 expetere,
437 2010 673 2094 qualescumque
689 2009 827 2072 tolerare.
874 2007 944 2072 Non
961 2009 1055 2094 magis
1067 2031 1123 2074 sua

117 2097 254 2158 oratione
266 2095 447 2172 Thraseam,
458 2117 547 2180 quarn
558 2096 673 2180 judicio
687 2095 826 2172 Senatus,
839 2095 994 2159 afflictum.
1028 2097 1122 2159 Saevi·

2 2184 5 2191 ’
29 2207 37 2213 ·
116 2182 190 2244 tiam
205 2181 336 2245 Neronis
359 2203 413 2265 per
429 2183 622 2266 hujusmodi'
616 2183 762 2262 imagines
778 2182 924 2244 illusisse:
949 2203 1008 2244 nec
1022 2182 1121 2246 minbs

50 2330 52 2334 .
117 2267 172 2330 sibi
189 2269 310 2331 anxiam
325 2269 415 2332 talem
428 2269 599 2344 amicitiam,
613 2267 702 2352 quam
716 2267 779 2330 aliis
795 2269 931 2330 exilium.
977 2267 1120 2352 Denique

116 2354 294 2431 constantia,
309 2353 491 2432 fortitudine,
507 2353 673 2418 Catonibus
696 2369 726 2416 et
743 2353 846 2418 Brutis
862 2367 1028 2438 aequaretur
1044 2353 1122 2418 Hel·

117 2440 235 2519 adius,
254 2461 288 2503 se
303 2463 397 2503 unum
413 2461 480 2503 esse
507 2461 546 2503 ex
573 2441 624 2502 illc
641 2441 767 2517 Senatu,
791 2441 840 2524 qui
863 2441 951 2504 simul
975 2441 1120 2506 servierit.

118 2525 255 2590 Suadere
271 2525 360 2590 etiam
376 2526 493 2604 Prisco,
518 2547 557 2588 ne
580 2547 669 2609 supra
686 2525 860 2609 Principem
877 2527 1053 2590 scanderet:
1082 2547 1122 2590 ne

119 2609 353 2696 Vespasianum,
368 2633 472 2676 senem
488 2611 733 2697 triumphalem,
721 2633 867 2712 Juvenum
883 2613 1045 2676 liberorum
1069 2633 1122 2697 pa·

117 2711 206 2776 trem,
218 2700 373 2783 preceptis
388 2713 555 2762 coerceret.
595 2697 764 2772 Quomodo
781 2699 918 2781 pessimis
930 2697 1122 2798 Imperatori-

11 2835 16 2844 .
116 2783 218 2848 bus
197 2805 261 2847 stne
284 2786 342 2847 line
358 2784 637 2860 dominationem,
630 2801 670 2848 tta
677 2785 831 2884 quamvis
853 2785 980 2868 egregiis
997 2783 1121 2848 modum

116 2869 268 2947 libertatis,
285 2870 429 2954 placere)
475 2870 562 2946 Haec,
586 2871 700 2953 magnis
716 2871 866 2954 utrimque
880 2869 1122 2934 contentionibus

4 2939 8 2950 ⁸
112 2955 236 3056 jactata,
254 2956 378 3020 diversis
393 2957 496 3020 studiis
512 2957 745 3037 accipiebantur.
791 2955 873 3018 Vicit
888 2975 969 3037 pars,
982 2975 1047 3038 quae
1059 2976 1123 3019 sor·

117 3041 163 3106 tin
156 3043 291 3126 legatos
302 3043 442 3118 malebat,
459 3043 548 3106 etiam
565 3041 670 3104 mediis
687 3042 812 3104 Parrum
828 3041 1036 3118 annitentibus,
1052 3042 1123 3104 reti·

117 3146 191 3191 nere
204 3149 330 3192 morem.
368 3127 410 3192 Et
398 3128 678 3230 splendidissimus
691 3128 817 3214 quisque
830 3127 938 3191 eodem
952 3127 1122 3208 inclinabat,

118 3229 199 3282 metu
217 3204 380 3291 invidiae,
358 3237 380 3278 st
398 3215 452 3300 ipsr
445 3215 659 3298 eligerentur.

162 3299 221 3365 IX.
246 3301 390 3364 Secutum
418 3301 498 3364 aliud
526 3316 691 3364 certamen.
743 3300 893 3364 Praetores
919 3299 1011 3364 aerarii
1037 3299 1122 3386 (narn

25 3411 34 3422 ‘
118 3399 182 3451 tum
199 3407 215 3448 a
232 3386 416 3451 Pectoribus
435 3388 614 3451 tractabatur
636 3387 815 3471 ιιιιιὶιιιιι)ι
827 3387 976 3471 publicam
994 3409 1123 3473 pauper

85 3523 87 3529 .
118 3473 222 3536 tatem'
240 3474 348 3558 questi,
365 3473 667 3557 ‘modumimpensis
669 3474 927 3558 'postulaverant
973 3471 1124 3537 Eamcn·

118 3579 182 3622 ram
198 3559 312 3623 Consul
329 3560 512 3644 designatus,
528 3561 567 3623 ob
584 3561 820 3642 magnitudinem
836 3561 936 3624 oneris
951 3574 981 3623 ct
997 3561 1123 3624 remedii

118 3644 337 3724 difficultatem,
354 3646 485 3731 Principi
503 3647 689 3710 reservabat.
732 3646 917 3710 Helvidius‘
928 3647 1049 3710 arbitrio
1066 3647 1124 3710 Se·

115 3731 203 3797 natira
218 3731 380 3816 agendum’
393 3736 519 3800 censuit.
559 3733 850 3884 Cppqperrcgarent
861 3734 1024 3808 sententias
1035 3732 1123 3804 Con-
