2514 4318
97 206 163 270 2⁰8
423 201 464 267 C.
488 202 597 268 Coun.
620 203 775 268 Tacmus

97 368 212 455 Adjicit
227 368 435 434 auctoritatem
451 366 569 434 fortuna
585 366 785 444 Semnonum,
799 379 925 431 centnm
948 366 1034 451 pagis
1049 366 1121 431 lra-

97 456 278 521 bitantium:
303 476 473 539 magnoque
495 475 623 540 corpore
650 454 789 532 efficitur,
812 469 846 518 ut
871 475 904 517 se
928 453 1116 520 Sacrorum

99 543 360 694 capXulncrinddiia
381 626 600 711 Langobardos
622 627 758 711 paucitas
787 626 946 690 nobilitat:
969 627 1119 711 plurimis

100 736 136 780 aa
152 715 363 779 ualentissimis
385 715 554 778 nationibus
576 714 679 790 cincti,
695 736 754 776 non
777 735 830 798 per
844 713 1034 797 obsequium,
1050 713 1118 777 sed

101 803 210 887 preliis
224 817 254 866 et
268 801 466 886 periclitando
481 801 536 864 tuti
551 815 633 864 aunt.
678 799 833 881 Reudigni
856 800 966 862 deinde
982 815 1014 863 et
1028 801 1119 864 Avi-

95 893 176 952 mes
190 903 221 952 et
237 889 327 972 Angli
350 903 382 952 et
399 886 503 950 Varini
520 901 551 950 et
574 878 715 950 Eudbtes
737 901 768 951 et
791 885 965 950 Suardd'ues
980 901 1011 950 et
1027 886 1118 951 Nui-

100 975 211 1040 thanes
241 974 414 1039 fluminibus
444 988 496 1038 aut
524 973 618 1058 sylvis
642 975 836 1038 muniuntur:
860 995 919 1036 nec
944 974 1116 1058 quicquam

99 1062 234 1126 notabile
249 1063 278 1126 in
293 1061 428 1144 siugulis,
438 1061 492 1124 nisi
509 1059 590 1146 qudd
606 1061 636 1124 in
651 1081 812 1124 commune
822 1058 986 1135 Hertham,
1001 1061 1031 1123 id
1048 1076 1115 1137 est,

101 1147 232 1212 Terram
247 1163 387 1224 matrem,
407 1147 522 1224 colunt,
545 1168 674 1231 eamque
697 1147 876 1212 intervenire
896 1146 986 1209 rebus
1009 1147 1117 1210 bomi-

98 1255 184 1310 num,
198 1235 298 1298 invehi
311 1234 439 1319 populis,
452 1234 643 1297 arbitrantur.
688 1231 746 1296 Est
758 1234 787 1296 in
800 1231 898 1297 inula
906 1231 1028 1296 Oceani
1039 1254 1115 1296 cas·

101 1334 165 1384 tum
182 1341 301 1398 nomm,
317 1321 511 1406 dicatumque
526 1321 555 1384 in
572 1342 610 1384 en
620 1320 806 1396 vehiculum,
816 1334 901 1382 reate
913 1333 1114 1384 contectum:

101 1407 250 1490 attingere
270 1408 321 1472 uni
348 1405 505 1471 Sacerdoti
531 1428 722 1471 concessum.
768 1405 799 1468 la
824 1406 932 1472 adesse
959 1407 1114 1490 penetrali

100 1491 204 1560 Deam
219 1492 369 1576 intelligit,
382 1509 561 1578 rectamque
575 1494 672 1558 bubus
688 1491 923 1558 loeminismultb
933 1514 1004 1556 cum
1014 1514 1115 1556 reue·

100 1581 216 1644 ratione
232 1581 429 1666 prosequitur.
476 1579 554 1644 Laeti
577 1593 649 1642 tuuc
672 1581 748 1658 dies,
762 1577 838 1643 testa
860 1579 939 1656 loca,
956 1600 1113 1663 quaecum·

102 1687 162 1754 que
197 1669 329 1732 adventu
355 1667 546 1751 hospitioque
570 1666 720 1748 dignatur.
765 1665 838 1730 Non
874 1666 955 1730 bella
991 1665 1112 1744 ineunt,

101 1775 163 1820 non
188 1775 270 1818 arma
293 1769 435 1830 sumunt3
456 1753 699 1818 clausumomue
723 1751 861 1816 serruma
882 1773 944 1834 pax
967 1765 999 1814 et
1022 1753 1111 1838 quies
1211 1789 1213 1792 ·

103 1853 177 1904 tunc
200 1840 317 1904 tantiam
340 1855 423 1916 nota,
446 1853 519 1904 tunc
541 1839 657 1904 tantirm
685 1853 796 1916 amata,
818 1838 917 1902 donec
939 1837 1022 1904 idem
1052 1838 1112 1903 Sa·

102 1929 210 1988 cardos
239 1927 375 1990 satiatam
408 1927 638 1990 conversatione
662 1925 832 1990 mortalium
865 1924 967 1996 Deam
992 1926 1114 2008 templo

102 2011 219 2076 reddat.
264 2009 342 2075 Mox
358 2011 530 2076 vehiculum
547 2028 696 2090 etrestes,
712 2026 753 2088 et,
769 2013 793 2074 si
808 2011 932 2076 credere
945 2012 1033 2090 velis,
1042 2011 1112 2075 Nu·

100 2117 172 2162 men
187 2097 286 2181 ipsum
309 2111 428 2162 secreto
449 2099 519 2164 lacu
534 2099 673 2164 abluitur.
719 2098 807 2162 Servi
823 2098 1012 2176 ministrant;
1032 2117 1112 2184 quos

102 2185 204 2250 atatim
220 2183 301 2250 idem
316 2184 399 2248 lacus
417 2185 524 2250 haurit.
569 2186 709 2248 Arcanus
733 2185 804 2248 bino
826 2198 922 2248 terror
942 2198 1111 2271 sanctaque

103 2271 283 2356 ignorantia,
296 2271 367 2356 quid
384 2273 422 2336 sit
438 2272 522 2349 illud,
533 2272 613 2356 quod
631 2271 745 2335 tantdm
759 2271 879 2354 perituri
895 2271 1011 2334 vident.

151 2355 242 2420 XLl.
267 2355 310 2422 Et
340 2359 405 2422 haee
436 2359 558 2442 quidem
590 2380 656 2440 pars
689 2357 860 2422 Suerorum
890 2357 920 2420 in
946 2357 1114 2422 secretiora

104 2442 277 2508 Germania
292 2445 461 2526 porrigitur.
507 2443 636 2529 Propior
652 2444 711 2530 (ut,
734 2466 794 2530 quo
817 2443 909 2508 modo
931 2443 1022 2528 paulti
1038 2444 1113 2508 aare

100 2529 262 2604 Rhenum,
285 2530 328 2594 sic
355 2551 437 2594 nunc
467 2529 645 2594 Danubium
669 2529 795 2614 sequar)
821 2521 1111 2595 Hermundurorum

102 2615 219 2691 ciuitas,
235 2615 294 2680 fida
310 2614 468 2692 Romanis,
484 2616 583 2700 adque
598 2617 670 2681 solis
685 2616 907 2682 Germanorum
924 2639 984 2680 nnn
1000 2618 1030 2680 in
1042 2617 1112 2701 ripd

102 2701 333 2777 commercium,
354 2703 407 2766 sed
424 2703 555 2786 penitus,
573 2719 662 2788 atque
678 2704 707 2768 in
723 2703 965 2788 splendidissimi
981 2702 1112 2768 Rhaetiae

103 2788 266 2873 provincia
279 2787 408 2851 colonia.
454 2789 573 2852 Passim
588 2808 619 2854 et
640 2792 706 2853 sine
726 2791 852 2854 custode
867 2805 1043 2855 transeunt:
1066 2804 1111 2870 et,

102 2874 174 2939 cium
190 2875 301 2940 ceteris
315 2875 455 2957 gentibus
470 2897 553 2938 arma
568 2876 661 2940 modb
675 2891 833 2962 castraque
854 2894 953 2942 nostra
968 2877 1111 2942 ostenda·

102 2981 182 3038 mus,
194 2963 239 3026 his
251 2960 356 3026 domos
367 2962 513 3047 villasque
527 2963 734 3046 patefecimus,
744 2987 803 3028 nou
813 2964 1110 3048 concupiscentibus.

103 3045 139 3114 ln
157 3045 379 3114 Hermunddris
395 3049 482 3114 Albis
507 3050 611 3128 oritur,
636 3050 751 3116 flumen
777 3050 924 3136 inclytum
950 3065 981 3115 et
1002 3063 1108 3115 notum

104 3134 201 3214 olim3
223 3157 304 3198 nunc
318 3135 434 3200 tanturn
451 3136 580 3201 auditur.
873 3195 876 3202 .

148 3219 254 3286 XLll.
277 3220 373 3286 Juxta
396 3212 627 3288 Hermunddros
650 3222 779 3302 Narisni,
803 3245 840 3286 ac
854 3222 964 3286 deiude
987 3221 1110 3288 Marco-

102 3309 205 3372 manni
218 3322 249 3371 et
264 3306 369 3382 Quadi
385 3325 488 3390 agunt.
534 3309 692 3394 Praecipua
716 3309 1000 3374 Marcomannorum
1016 3311 1109 3392 gloria

104 3393 256 3480 viresque,
272 3409 363 3479 atquc
378 3396 444 3478 ipsa
467 3397 556 3460 etiam
572 3398 673 3474 sedes,
688 3397 782 3480 pulsis
796 3397 867 3460 olim
886 3395 982 3474 Boiis,
999 3397 1109 3461 virtute

105 3495 201 3564 parto.
247 3478 316 3544 Nee
347 3479 466 3545 Narisci
489 3481 633 3556 Quadive
659 3485 855 3566 degenerant.
901 3482 1009 3568 anue
1030 3482 1110 3546 Ger-

103 3567 211 3647 maniae
227 3568 309 3632 velut
320 3564 401 3632 frona
412 3583 473 3644 est,
485 3568 634 3653 quatenus
646 3569 791 3634 Danubio
804 3569 980 3654 protegitur.
1025 3565 1137 3632 Mar-'u
1246 3599 1247 3610 κ

103 3655 259 3718 comannis
275 3651 456 3738 Quadisque
479 3677 575 3740 usque
599 3656 636 3720 ad
655 3671 786 3720 nostram
810 3655 987 3719 memoriam
1002 3653 1109 3734 Reges

101 3754 278 3806 manserunt
293 3761 334 3804 ex
348 3755 440 3822 gente
463 3741 607 3822 ipsorum,
631 3743 732 3806 nobile
755 3740 937 3806 Marobodui
960 3756 991 3806 et
1006 3739 1107 3804 Tudri

103 3845 220 3908 genus:
240 3823 305 3909 jam
330 3839 361 3889 et
385 3841 528 3890 externos
553 3827 715 3910 patiuntur.
762 3827 826 3892 Sed
850 3829 894 3893 vis
917 3841 948 3892 et
971 3825 1107 3913 potentia
