2516 4250
153 167 195 230 38
492 166 533 232 C.
551 165 659 232 Conn.
672 167 796 234 thtnt
952 175 1006 256 [A.
1020 173 1062 238 U.
1077 175 1167 238 822.

150 329 349 394 obtruncant:
372 343 457 413 rapta
472 351 565 408 arma,
582 333 685 398 nudati
700 335 802 415 gladii,
824 335 987 400 insidentes
1003 338 1090 422 equis
1107 361 1166 402 ur·

148 417 218 480 bem
236 439 271 478 ac
286 418 427 495 palatium
444 435 562 502 petunt.

193 501 350 566 LXXXt.
376 502 449 566 Erat
477 503 591 566 Othoni
618 506 739 570 celebre
762 507 946 584 convivium,
974 509 1162 591 primoribus

148 587 279 652 foertrinis
297 591 443 672 virisque:
469 592 518 674 qui
535 592 653 674 trepidi,
670 591 844 658 fortuitusne
861 596 987 658 militum
1005 594 1098 670 lutor,
1117 617 1160 660 an

148 677 235 738 dolus
253 675 455 757 lmperatnris,
473 699 594 739 innuere
610 699 644 738 ac
661 679 858 762 deprehendi,
874 703 911 744 an
928 681 1031 762 sugere
1047 697 1078 744 et
1092 683 1160 744 dis·

147 764 245 846 pergi,
259 763 452 842 periculosius
469 761 561 838 soret;
586 763 676 825 modo
687 769 884 830 constantiam
897 768 1048 842 simulare,
1060 767 1159 830 modt')

147 848 306 912 formidine
333 849 445 929 detegi,
475 849 562 911 simul
593 849 724 912 Othonis
756 854 870 917 vultum
901 854 1027 916 intueri:
1058 869 1159 936 utque

148 936 261 1010 evenit,
286 934 433 996 inclinatis
457 935 492 996 nd
516 937 717 1018 suspicionem
745 940 905 1014 mentibus,
934 938 1004 1000 otim
1032 939 1159 1002 timeret

147 1019 243 1095 Otho,
268 1021 437 1082 timebatur.
485 1019 546 1081 Sed
580 1023 658 1084 haud
689 1045 777 1084 secus
807 1025 976 1086 discrimine
1008 1023 1156 1102 Senattis,

148 1106 238 1191 qtrdm
255 1128 309 1168 suo
325 1106 453 1180 territus,
474 1121 504 1166 et
522 1105 684 1170 Praesectos
697 1107 830 1172 Praetorii
847 1111 883 1172 ad
901 1111 1078 1191 mitigandas
1095 1113 1157 1174 rni-

146 1193 233 1256 litum
250 1193 307 1254 iras
322 1192 420 1252 statim
438 1192 569 1266 miserat,
592 1209 623 1256 et
646 1195 748 1256 ‘ubire
765 1195 891 1277 properie
907 1217 1013 1258 omnes
1035 1217 1053 1256 e
1078 1217 1157 1258 con·

147 1278 239 1342 vivio’
252 1277 351 1361 jussit.
396 1275 479 1338 Tum
498 1277 569 1340 verb
587 1280 695 1360 passim
713 1279 917 1362 Magistratus,
941 1281 1080 1365 projectis
1107 1283 1155 1344 in·

147 1365 291 1445 signibus,
310 1361 400 1424 viterb
413 1365 556 1426 comitum
573 1381 604 1426 et
619 1387 771 1428 servorum
789 1365 967 1450 sreqtrentid,
989 1389 1078 1428 senes
1095 1367 1154 1431 loe·

146 1452 308 1533 minaeque,
336 1471 388 1530 per
413 1451 560 1526 tenebras,
585 1452 701 1514 diversa
728 1453 807 1514 urbis
823 1455 938 1528 itinera,
959 1455 1013 1516 rari
1031 1455 1151 1530 domos,

147 1537 266 1621 plurimi
292 1537 454 1598 amicorum
472 1550 560 1612 tecta,
585 1553 627 1613 et,
650 1553 683 1600 ut
704 1539 815 1621 cuique
837 1540 1020 1602 humillimus
1042 1539 1151 1616 cliens,

147 1625 276 1688 incertas
294 1622 420 1684 latebras
439 1623 582 1704 petivere.

190 1707 365 1772 LXXXll.
390 1707 520 1771 Militum
547 1710 677 1792 impetus
700 1731 738 1774 ne
762 1709 873 1774 loribus
899 1711 1020 1794 quidem
1046 1710 1149 1792 palatii

145 1798 304 1870 coercitus,
328 1794 389 1877 qub
405 1795 501 1858 mintis
517 1797 688 1858 convivium
706 1798 915 1878 irrumperent,
939 1805 946 1832 ‘
960 1799 1077 1858 ostendi
1093 1797 1150 1858 sibi

146 1881 314 1944 Othonem’
338 1882 584 1962 expostulantes:
617 1883 772 1945 vulnerato
798 1881 880 1945 Julio
907 1881 1056 1957 blartinle,
1079 1881 1151 1944 Tri·

144 1968 239 2040 buno‚
255 1982 286 2028 et
304 1964 428 2028 Vitellio
444 1966 615 2041 Saturnino,
632 1966 780 2030 Praelecto
796 1969 932 2050 legionis,
948 1969 1019 2031 dum
1037 1969 1149 2030 ruenti·

144 2054 202 2116 bus
213 2053 371 2114 obsistunt.
416 2050 560 2134 Undique
576 2073 657 2114 arma
673 2067 704 2114 et
719 2056 817 2131 minae,
836 2054 927 2117 modd
941 2056 969 2118 in
986 2054 1148 2120 Centurio·

144 2160 201 2202 nes
217 2137 442 2219 Tribunosque,
456 2137 546 2208 modd
562 2139 589 2200 in
608 2137 753 2202 Senatum
771 2141 960 2204 universnm:
985 2140 1147 2222 lymphatis

145 2247 228 2302 caeco
246 2245 355 2307 pavore
372 2223 487 2298 animis,
504 2238 545 2300 et,
573 2225 641 2307 quia
658 2227 809 2288 neminem
826 2249 919 2289 unum
935 2227 1083 2288 destinare
1099 2227 1146 2290 irre

145 2326 297 2396 poterant,
321 2309 469 2372 licentiam
501 2309 530 2372 in
556 2331 661 2372 ornnes
690 2313 901 2394 poscentibus:
934 2313 1030 2376 donec
1053 2310 1147 2386 Otho,

146 2411 251 2462 contra
267 2398 360 2457 decus
377 2393 510 2478 Imperii,
537 2411 602 2457 torn
618 2397 767 2473 insistens,
793 2399 930 2480 precibus
956 2413 988 2460 et
1010 2397 1147 2478 lacrymis

147 2483 224 2566 aegrb
241 2483 395 2546 cohibuit:
420 2482 632 2565 redieruntque
657 2483 686 2546 in
709 2501 806 2548 castra
829 2485 925 2559 inviti,
950 2505 1048 2568 neque
1065 2485 1147 2544 inno·
1225 2491 1226 2506 ¹

147 2587 264 2634 centes.
312 2567 440 2630 Posterb
451 2569 511 2644 die,
529 2569 610 2630 velut
626 2568 717 2651 captis
734 2571 816 2645 urbe,
832 2571 940 2632 clausae
957 2571 1078 2632 domus:
1102 2589 1147 2630 ra·

147 2679 198 2722 rus
219 2678 271 2739 per
290 2656 352 2717 vias
375 2655 525 2738 populus;
550 2672 656 2718 moesta
671 2656 755 2737 plebs
766 2677 774 2731 ;
798 2655 907 2739 dejecti
925 2657 952 2716 in
970 2671 1077 2718 terrant
1094 2655 1147 2716 mi·
1225 2665 1226 2682 ¹

149 2745 235 2808 litum
254 2743 411 2818 vultus,ac
429 2741 495 2823 plus
511 2742 643 2818 tristitie,
661 2741 749 2825 quiam
769 2742 962 2824 poenitentiae.
1009 2741 1148 2824 manipu-

145 2829 229 2894 latim
253 2829 374 2892 allocuti
398 2843 465 2890 sunt
482 2826 617 2890 Licinius
643 2826 791 2890 Proculus
815 2842 845 2890 et
873 2827 991 2902 Plotius
1017 2826 1145 2902 Firmus,

147 2915 300 2990 Praefecti,
317 2936 357 2976 ex
373 2936 428 2976 suo
445 2914 571 2997 quisque
588 2915 707 2994 ingenio
724 2913 823 2976 mitibs
838 2928 889 2976 aut
903 2913 1058 2976 horridibs.
1096 2911 1146 2976 Fi·

147 3004 194 3067 nis
210 3002 354 3064 sermonis
371 3001 398 3062 in
416 3021 463 3076 eo,
481 3015 512 3062 nt
529 3001 618 3084 quina
635 3001 725 3062 millia
740 2998 895 3062 nummtim
912 3000 1035 3081 singulis
1052 2999 1146 3062 militi·

147 3091 205 3154 bus
218 3101 456 3150 numerarentur.
502 3085 584 3148 Tum
598 3085 682 3148 Otho
694 3087 808 3168 ingredi
820 3101 916 3148 castra
928 3107 1035 3148 ausus:
1061 3100 1145 3168 atque

148 3177 233 3239 illurn
257 3173 384 3236 Tribuni
409 3172 672 3257 Centurionesque
695 3173 926 3248 circumsistunt,
949 3170 1072 3255 abjectis
1095 3171 1146 3232 mi·

149 3264 220 3328 litiae
245 3261 419 3342 insignibus,
450 3261 564 3320 ‘otium
597 3275 627 3322 et
657 3259 795 3321 salutem'
824 3258 1002 3338 flagitantes.
1050 3257 1145 3320 Sensit

151 3348 293 3414 invidiam
312 3347 406 3422 miles,
431 3360 460 3407 et
476 3346 660 3427 compositus
677 3347 705 3407 in
721 3346 910 3428 obsequium,
934 3351 1088 3406 ‘auctores
1102 3363 1146 3406 se·

153 3435 273 3501 ditionis
288 3433 324 3494 ad
342 3431 535 3516 supplicittm'
553 3431 630 3493 ultrd
648 3432 826 3514 postulabat.

196 3518 383 3584 LXXXlll.
408 3516 503 3594 Otho,
528 3540 697 3602 quanquam
722 3518 845 3580 turbidis
868 3517 965 3586 rebus¹
983 3529 1014 3578 et
1029 3515 1145 3577 diversis

151 3609 279 3673 militum
296 3605 412 3681 animis,
424 3604 494 3668 cbm
511 3606 641 3687 optimus
658 3605 784 3688 quisque
801 3604 988 3666 ‘remedium
1002 3601 1145 3684 praesentis

153 3693 296 3771 licentiae'
322 3705 460 3778 posceret
474 3713 482 3770 3
508 3692 614 3774 vulgus
630 3707 660 3755 et
676 3691 787 3775 plures,
805 3689 1000 3754 seditionibus
1016 3702 1046 3752 et
1061 3686 1147 3752 ambi·
1225 3767 1226 3780 1
