2556 4446
9 412 13 435 Ι
118 443 183 508 256
461 440 502 506 C.
526 441 634 508 Coun.
658 441 784 508 Taorxr

116 607 278 693 saltarique
300 607 535 674 commentarios.
554 607 646 671 suos.'
691 606 783 672 Unde
806 606 898 671 oritur
917 605 968 670 illa
983 604 1120 674 soeda'et

119 695 379 781 praepostera,rsed
397 709 496 756 tamen
517 694 667 779 frequens,
684 694 861 778 quibusdam
878 692 1068 769 exclamatio,
1083 705 1119 756 ut

4 820 15 871 l
119 790 274 846 ‘oratores
296 782 387 844 nostri
410 780 515 843 tenere
539 781 652 858 dicere,
670 782 829 844 histriones
850 779 961 843 diserte
985 777 1117 856 saltare,'

4 879 7 888 '
120 867 268 934 dicantur.
315 867 467 952 Equidem
492 888 552 930 nou
582 868 765 950 negaverim,
792 867 934 932 Cassium
959 866 1119 942 Severum,

120 976 211 1040 quem
227 954 323 1018 solnm
340 955 434 1038 Aper
448 969 548 1018 noster
571 955 724 1018 nominare
748 975 838 1024 ausus
858 969 914 1031 est,
934 953 958 1016 si
975 954 1020 1016 his
1035 973 1121 1016 com·

119 1057 252 1125 paretur,
269 1041 319 1126 qui
344 1056 448 1124 postea
470 1040 601 1119 suerunt,
624 1062 712 1126 posse
734 1056 883 1104 oratorem
901 1040 1012 1116 vocari,
1028 1061 1122 1124 quan·

11 1142 15 1153 ·
119 1150 209 1213 quarn
232 1129 261 1190 in
287 1125 396 1208 magud
423 1143 508 1211 parte
531 1129 672 1192 librorum
695 1149 816 1192 suorum
840 1128 905 1211 plns
936 1127 984 1190 ris
1000 1127 1120 1202 lrabeat,

119 1214 210 1299 quam
237 1215 400 1296 sanguinis.
446 1213 568 1300 Primus
590 1217 683 1292 enirn,
703 1230 858 1279 contemto
881 1212 984 1277 ordine
1008 1233 1120 1288 rerum,

118 1299 230 1364 omissrl
254 1299 401 1364 modestia
424 1322 459 1364 ac
476 1302 590 1384 pudore
608 1302 779 1378 verborum,
794 1302 872 1386 ipsis
895 1301 997 1380 etiam,
1013 1299 1120 1384 quibus

119 1388 222 1464 utitur,
238 1387 326 1448 armis
342 1388 557 1468 incompositus
573 1403 603 1450 et
619 1389 718 1452 studio
731 1387 856 1452 feriendi
872 1388 1049 1472 plerumque
1065 1385 1121 1449 de·

8 1492 15 1507 ⁵
114 1471 223 1558 jactus,
240 1493 298 1532 non
316 1471 502 1552 pugnat,sed
518 1473 641 1534 rixatur.
679 1473 1121 1557 {Ceterdm,ut·dixi,sequeu·

118 1559 197 1624 tibus
211 1572 415 1639 comparatus,
438 1571 467 1618 et
485 1557 627 1620 varietate
643 1559 815 1620 eruditionis
832 1573 863 1620 et
879 1559 983 1640 lepore
1000 1557 1127 1622 urbaai‹

12 1717 16 1725 ¹
118 1645 186 1710 tatis
209 1658 240 1708 et
264 1643 394 1727 ipsarum
412 1643 518 1705 virium
541 1644 659 1720 robore,
684 1643 811 1706 multllm
838 1659 955 1708 ceteros
976 1657 1121 1727 superat:

119 1753 245 1818 quorum
262 1729 414 1792 neminem
428 1729 514 1812 Aper
530 1731 683 1794 nominare
696 1747 725 1794 et
734 1731 816 1793 velut
830 1730 860 1793 iu
875 1730 972 1796 aciem
987 1731 1120 1794 educere

11 1812 18 1888 ἶ
118 1818 268 1882 sustinuit.
314 1815 385 1899 Ego
407 1831 510 1880 autern
533 1817 745 1902 expectabam,
761 1831 794 1880 ut
810 1817 946 1880 incusato
968 1817 1072 1881 Asinio
1088 1829 1121 1882 et

119 1902 222 1969 Coelio
238 1918 268 1967 et
284 1902 395 1980 Calvo,
414 1903 493 1966 aliud
510 1903 595 1966 nubis
618 1926 729 1987 agmen
750 1904 942 1989 produceret,
959 1903 1121 2002 pluresque

119 1994 168 2055 vel
191 1990 274 2055 certe
297 1990 422 2053 totidem
446 1991 624 2068 nominaret,
648 2013 689 2054 ex
720 1992 827 2076 quibus
852 1991 942 2053 alium
966 1989 1121 2066 Cicerour,

16 2069 18 2101 ⁵
120 2077 211 2143 alium
242 2077 364 2152 Caesari,
395 2077 519 2157 singulis
556 2077 679 2140 demum
712 2078 855 2160 singulos,
886 2097 1122 2160 opponeremus.

14 2165 19 2225 ἱ
120 2163 224 2248 Nunc,
242 2159 426 2224 detrectasse
450 2162 624 2226 nominatim
649 2164 787 2248 antiquos
804 2179 936 2228 oratores
950 2176 1122 2240 contentus,

4 2301 18 2330 Ι,
119 2248 273 2312 neminem
290 2247 481 2331 sequentium
497 2248 619 2311 laudare
635 2271 724 2312 ausus
739 2264 796 2328 est,
809 2251 863 2313 nisi
879 2251 909 2312 in
926 2249 1078 2333 publicum
1090 2262 1123 2327 ct

12 2340 19 2376 ⁷
118 2336 347 2399 incommune:
372 2333 493 2410 verituS,
505 2335 608 2411 credo,
624 2357 663 2398 uc
680 2337 790 2400 multos
804 2336 984 2412 offenderet,
1000 2336 1024 2398 si
1045 2357 1121 2419 pau-

16 2474 20 2480 .
118 2444 171 2487 cos
187 2419 406 2520 excerpsissetf
431 2435 538 2506 quotus
554 2422 634 2486 enim
652 2423 778 2508 quisque
793 2423 1041 2486 scholasticorum
1058 2443 1119 2484 nou

13 2516 20 2574 ,f
118 2509 177 2572 hac
192 2507 248 2571 sud
264 2529 456 2592 persuasione
480 2508 593 2586 fruitur,
610 2524 642 2572 ut
665 2532 698 2573 se
721 2532 781 2572 non
801 2510 923 2594 quidem
937 2523 1008 2572 ante
1025 2508 1119 2572 Cice·

14 2872 21 2927 r
119 2851 214 2916 fracta
229 2850 265 2913 sit
282 2863 313 2912 et
329 2849 483 2914 deminuta
499 2851 682 2938 eloquentia.

119 2617 224 2660 runem
241 2609 379 2658 numeret
396 2595 448 2656 sed
465 2595 554 2679 planis
573 2610 639 2678 post
655 2595 881 2659 Gabinianum?

18 2691 20 2760 ξ
164 2679 305 2747 XXVll.
330 2682 372 2742 At
395 2701 453 2759 ego
479 2703 538 2742 non
563 2681 690 2744 verebor
711 2682 865 2746 nominare
892 2682 1034 2764 singulos,
1057 2680 1121 2766 qud

16 2768 21 2848 ζ
118 2765 245 2841 facilius,
277 2764 437 2847 propositis
466 2768 626 2850 exemplis,
656 2782 810 2852 appareat,
840 2768 948 2852 quibus
976 2768 1119 2850 gradibus

161 2938 352 3022 Appropera,
373 2937 472 3024 iuquit
482 2937 656 3019 Maternus,
677 2955 707 3006 et
727 2941 826 3026 potiris
848 2941 973 3006 exsolve
994 2941 1121 3026 promis-

17 3034 22 3047 '
114 3046 192 3090 sum.
239 3021 349 3108 Neque
376 3025 456 3088 enim
483 3026 540 3090 hoc
569 3028 669 3111 colligi
694 3029 911 3105 desideramus,
942 3028 1118 3094 disertiores

11 3146 23 3210 q
119 3133 186 3178 esse
207 3112 363 3211 antiquos,
379 3113 459 3196 quod
476 3113 557 3197 apud
583 3136 631 3176 me
648 3115 769 3200 quidem
792 3116 820 3180 in
837 3115 976 3180 confesso
991 3127 1047 3192 est,
1063 3114 1119 3180 sed
1156 3193 1161 3201 Ι

18 3222 23 3262 t
116 3221 224 3264 causas
247 3219 443 3282 exqurrrrnus,
472 3221 546 3284 quas
571 3214 600 3262 te
625 3202 745 3264 solitum
769 3218 907 3278 tractare,
933 3201 1118 3286 paulo-antia

18 3333 22 3355 .
116 3286 228 3362 dixisti,
246 3285 333 3371 plane
350 3284 447 3351 mitior
457 3302 486 3349 et
502 3287 680 3372 eloquentia,
690 3301 859 3372 temporum
875 3303 1043 3353 nostrorum
1055 3310 1118 3352 aon

17 3415 22 3470 ¹.
116 3373 217 3522 iratqs,
240 3387 403 3458 antequam
426 3387 456 3436 te
473 3374 558 3459 Aper
579 3374 757 3452 offenderet,
781 3374 909 3462 majores
931 3389 1000 3438 tuos
1021 3374 1120 3440 lacce-
1147 3461 1149 3464 .

117 3481 170 3522 sen
194 3482 223 3522 o.

160 3543 232 3607 Nun
246 3569 326 3622 sum,
342 3546 448 3631 inqnit,
463 3547 599 3611 offensus
615 3547 688 3630 Apri
704 3549 797 3612 nostri
814 3548 1038 3633 disputatiouc3
1059 3567 1118 3611 nec

21 3670 24 3679 ·
117 3649 173 3718 ros
181 3631 293 3694 offendi
310 3633 441 3710 decebit,
457 3633 480 3696 si
497 3634 567 3717 quid
585 3633 662 3696 sorte
678 3656 766 3698 aures
782 3651 896 3698 vestras
916 3633 1116 3718 perstringet:

15 3777 17 3784 ,
115 3715 185 3780 curn
202 3715 313 3794 sciatis,
326 3718 404 3780 banc
420 3741 487 3782 esse
503 3719 651 3804 ejusmodi
661 3743 833 3786 sermonum
846 3721 956 3804 legem,
966 3719 1117 3805 judicium

117 3801 217 3875 animi,
232 3801 306 3863 citra
322 3803 464 3866 damnum
481 3806 619 3884 affectae,
633 3808 776 3891 prolerre.
872 3847 876 3856 ‚

158 3885 270 3966 Perge,
298 3887 391 3968 inquit
416 3889 583 3970 Maternus,
607 3909 638 3957 et
663 3893 733 3957 curn
757 3894 796 3959 de
820 3893 948 3978 antiquis
972 3892 1117 3992 loquaris,

114 3985 201 4034 utere
224 3969 347 4050 antiqua
369 3971 516 4054 libertate,
543 4001 560 4041 a
583 3978 643 4064 qud
664 3980 712 4044 rel
734 3979 832 4064 magis
855 3981 1118 4066 degeneravrmus,

113 4055 203 4138 quarn
220 4055 258 4118 ab
273 4053 457 4142 eloquentia·
