2508 4254
97 218 276 312 AC.69.]
388 229 528 295 Hrsron.
552 229 627 294 Lm.
651 229 817 294 Tnarrus.
884 224 886 227 ’
1037 231 1101 292 107

98 395 175 458 cirili
190 395 282 472 ballo,
298 395 439 476 ambigue
456 409 590 479 agerent,
614 416 667 478 per
688 393 845 478 ,illyricum
867 393 1018 480 disperse.
1063 391 1100 456 In

94 481 282 545 Britanniam
306 483 423 546 induet
445 481 606 566 Hispanias
629 482 748 544 nuntios
770 480 954 566 famamque,
977 481 1006 543 in
1022 478 1098 543 Gal·

27 631 28 640 ,
97 568 165 630 liam
180 567 299 631 Julium
311 567 474 645 Calenum,
488 567 682 631 Tribunum:
703 567 735 630 in
746 567 940 630 Germaniam
956 567 1101 651 Alpinum

27 699 29 724 ,
97 653 295 732 Montanum,
312 653 494 718 Praelcctum
517 655 647 718 cohortis
663 653 743 738 qndd
767 655 818 717 hic
831 652 943 718 Trerir
958 651 1108 718 Calenus

27 745 32 772 ³
96 738 227 818 AEduus,
244 757 373 826 uterque
388 738 541 805 Vitelliani
557 741 685 817 fuerant,
695 741 822 822 ostentui
836 740 956 804 misere
1003 739 1102 803 Simul

96 828 238 890 transitus
257 829 386 912 Alpium
408 827 553 912 presidiis
573 829 735 911 occupati:
757 825 899 911 suspectu
925 825 1101 904 Gennaniit,

96 929 238 998 tanquam
255 915 286 978 in
303 915 447 978 auxilium
463 913 578 977 Vitellii
593 915 808 996 accingeretur.

139 999 308 1064 XXXVI.
332 1003 375 1066 At
389 999 538 1078 Vitellius,
563 1000 697 1084 prolecto
717 999 852 1074 Canini,
878 1000 955 1064 otim·
968 999 1100 1064 Fabium

94 1083 274 1166 Valentem,
290 1089 395 1173 paucis
419 1087 486 1172 pdst
508 1089 624 1164 diebus,
640 1087 678 1150 ad
702 1088 813 1150 bellum
829 1088 1007 1172 impulisset,
1022 1087 1102 1151 curis

95 1173 202 1238 luxum
218 1175 428 1238 obtendebat:
453 1197 512 1237 nnn
531 1195 634 1258 parare
650 1195 742 1250 arma,
761 1196 820 1237 nnn
837 1175 969 1260 alloquin
983 1175 1101 1238 exerci-

95 1261 198 1345 tioque
222 1262 350 1326 militem
370 1261 498 1336 firmare,
515 1282 575 1323 non
598 1265 627 1323 in
651 1283 703 1322 ura
720 1261 800 1344 vulgi
823 1282 936 1342 agerer
957 1261 1010 1324 sed
1035 1283 1103 1324 um·

93 1345 225 1412 braculis
252 1349 407 1411 hortorum
434 1348 563 1424 abditus,
587 1361 619 1410 ut
642 1348 750 1430 ignava
773 1348 923 1425 animalia,
946 1349 1052 1433 quibus
1075 1349 1100 1412 si

95 1433 197 1498 cibum
227 1455 384 1518 suggeras,
403 1433 508 1519 jacent
538 1448 731 1518 torpentque,
763 1436 921 1518 preterita,
951 1435 1101 1512 instantia,

96 1517 206 1598 sutura,
224 1523 290 1605 pari
305 1522 457 1584 oblivione
480 1521 643 1600 dimiserat.
689 1521 792 1605 Atque
814 1519 910 1596 illum,
933 1521 962 1582 in
979 1542 1102 1583 nemore

97 1606 223 1670 Aricino
239 1609 378 1671 desidem
401 1622 433 1671 et
455 1621 653 1682 marcentem,
675 1608 804 1690 proditio
827 1606 935 1669 Lucilii
952 1605 1052 1684 Bassi,
1068 1627 1104 1670 ae

97 1692 230 1757 delectio
245 1695 351 1758 classis
373 1693 562 1772 &vennatis
586 1694 724 1777 perculit.
769 1691 840 1756 Nec
860 1691 957 1756 multi>
973 1693 1041 1777 pdst
1064 1693 1103 1756 de

97 1777 227 1842 Canini
240 1781 366 1845 affertur
387 1781 498 1860 mixtus
522 1781 632 1862 gaudio
648 1779 752 1842 dolor:
775 1793 806 1842 et
822 1779 996 1856 descivisse,
1012 1793 1044 1843 et
1065 1780 1104 1842 ab

96 1867 235 1931 exercitu
255 1869 402 1932 vinctum.
447 1867 524 1930 Plus
546 1867 626 1948 apud
651 1866 810 1929 socordem
837 1867 969 1930 animum
993 1867 1104 1944 letitia,

96 1951 186 2034 quim
211 1975 291 2018 cura
315 1955 427 2019 valuit:
448 1951 545 2017 multia
566 1975 637 2018 cum
660 1953 897 2017 exultationem
922 1955 1028 2016 urbem
1057 1975 1107 2017 re-

95 2053 212 2117 tectus,
243 2041 393 2125 frequenti
416 2042 573 2114 concione,
601 2041 766 2124 ‘pietatem
798 2040 937 2105 militum'
965 2041 1103 2105 laudibus

96 2127 248 2190 cumulat.
294 2126 352 2190 ‘P.
369 2127 528 2204 Sabinum,
540 2127 674 2190 Pretorii
689 2126 875 2212 prefectum,
887 2127 927 2190 ob
942 2128 1104 2191 aurinitiam

95 2209 243 2358 (ξῖωοίηῆ
259 2214 381 2276 vinciri''
397 2213 497 2300 jubet,
515 2213 675 2278 substituto
697 2215 725 2276 in
749 2215 850 2277 locum
873 2213 939 2300 ejus
961 2215 1105 2300 Alpheon

131 2320 194 2362 aro.
352 2346 356 2356 .

141 2384 320 2450 XXXVII.
344 2385 424 2450 Mox
439 2386 597 2463 Senatum,
613 2385 782 2470 composita
800 2387 829 2450 in
851 2387 1104 2469 magnificentiam

97 2475 248 2550 oratione,
265 2473 424 2550 allocutus,
440 2473 596 2558 exquisitis
612 2472 736 2536 Parrum
760 2474 979 2538 adulationibus
995 2475 1105 2539 attolli-

97 2574 156 2621 tur.
203 2560 328 2624 loitiutn
345 2560 454 2624 atrocis
476 2560 506 2624 in
530 2560 684 2624 Caecinam
707 2561 862 2624 sententiae
884 2559 960 2624 aL.
978 2559 1104 2626 Vitellio

99 2643 236 2710 sactum:
259 2647 328 2708 dein
344 2648 448 2723 ceteri,
459 2646 626 2730 composita
640 2647 855 2729 indignatione,
871 2654 879 2686 ‘
893 2646 974 2731 qnbd
987 2647 1104 2712 Consul

99 2731 348 2818 Rempublicam,
365 2732 441 2796 Dux
458 2732 687 2816 Imperatorem,
704 2735 794 2796 tantis
811 2733 929 2816 opibus,
945 2748 989 2796 tut
1006 2735 1101 2797 bono·

99 2819 180 2882 ribus
203 2819 388 2897 cumulatus,
409 2821 539 2882 amicmn
564 2820 765 2903 prodidisset,'
792 2821 875 2884 velut
902 2841 956 2903 pro
980 2819 1105 2885 Vitellio

99 2921 334 2990 conquerentes,
355 2927 444 2970 suum
468 2906 605 2972 dolorem
628 2904 829 2990 proferebant.¹
875 2905 968 2970 Nulla
990 2907 1019 2970 in
1037 2929 1104 2971 ora·

100 2991 182 3055 tione
197 2992 377 3078 cujusquam
393 3014 464 3074 erga
482 2991 643 3056 Flavianos
661 2991 976 3056 Duces'nbtrectatio:
1001 2999 1104 3057 ‘erro-

101 3097 165 3140 rem
189 3079 483 3163 impmdeotiamque
507 3078 707 3142 exercituum'
734 3079 903 3162 culpantes,
925 3077 1105 3162 Vespasiani

100 3184 212 3227 numen
228 3167 366 3248 suspensi
381 3179 415 3229 et
431 3165 581 3229 vitabundi
597 3166 805 3232 circumibant.
852 3163 925 3228 Nec.
936 3165 1041 3244 detaut,
1054 3169 1105 3253 qui

102 3269 194 3313 unum
207 3251 471 3316 consulatlrsdiem
483 3253 523 3330 lis
533 3253 613 3315 enim
629 3254 658 3316 in
672 3254 773 3316 locum
784 3251 915 3317 Caeotm
930 3254 1102 3342 supererat)

102 3357 213 3418 magno
237 3359 308 3401 cum
331 3339 415 3402 irrisu
437 3338 597 3402 tribuentis
619 3340 866 3425 accipientisque,
890 3341 1104 3406 eblandiretur.

103 3419 206 3486 Pridie
221 3423 378 3489 Kalendas
400 3423 583 3488 Novembris
610 3424 726 3492 Rosius
747 3425 887 3510 Regulus
909 3428 984 3505 iniit,
1007 3427 1105 3514 ejura-

28 3509 29 3518 ’
104 3508 217 3594 vitque.
258 3513 459 3575 -Annotabant
471 3513 568 3596 periti,
585 3518 758 3596 ‘nunquam
775 3529 874 3590 antea,
884 3537 943 3577 nnn
958 3515 1104 3596 abrogato

103 3590 410 3684 Magistratu,·neqae
426 3599 496 3679 lege
511 3597 582 3674 lats,
595 3599 686 3661 alium
696 3599 892 3664 suffectamr’.
912 3622 981 3664 narn
996 3602 1103 3666 consul

102 3700 163 3745 uno
178 3683 227 3746 die
242 3699 274 3750 et
288 3685 359 3749 ante
376 3684 473 3748 suerat
488 3683 636 3749 Caninius
647 3683 787 3764 Rebilus,
803 3687 843 3750 C.
858 3686 982 3753 cesare
993 3687 1104 3753 Dicta·

102 3781 178 3850 tore,
193 3770 264 3836 ciam
280 3771 352 3836 beili
368 3772 466 3838 civilis
481 3773 602 3858 premia
618 3771 839 3838 festinaremus.
