2484 4316
118 223 180 286 144
457 218 498 286 C.
523 221 631 287 Gonu.
655 219 780 287 Taeter
907 221 964 305 [A.
980 219 1023 286 U.
1039 221 1116 288 822.

116 405 211 449 nense
237 377 369 470 pralium
396 385 601 464 excusabaut;
626 400 769 471 tanquam
795 384 890 470 petitia
920 405 1007 469 pace,
1031 399 1115 471 post·

118 493 206 558 quam
223 473 398 554 negabatur,
413 472 588 556 sibimetipsi
599 475 830 536 consuluissent.

70 621 85 648 x
160 557 253 621 XXl.
277 557 383 621 Civilis
403 558 535 621 adventu
554 573 761 638 veteranarum
776 558 954 634 cohortium,
966 557 1039 642 justi
1050 557 1116 644 jam

117 643 268 708 exercitius
283 644 400 722 ductor,
416 645 470 706 sed
493 645 608 708 consilii
631 646 788 726 ambiguus
811 660 841 709 et
857 645 918 708 vim
941 645 1115 708 Romanam

116 745 268 815 reputans,
283 746 418 808 cunctos,
434 731 484 814 qui
503 731 638 807 aderant,
654 731 683 793 in
699 732 790 794 verba
807 729 985 815 Vespasiani
1002 731 1116 812 adigit:

115 817 266 902 mittitque
281 817 397 900 legatos
412 817 448 878 ad
465 817 539 878 duas
561 817 706 897 legiones,
723 839 788 900 quae
804 818 903 900 priore
924 817 989 880 acie
1012 818 1115 901 pulse,

116 903 145 966 in
163 901 276 967 Vetera
293 917 391 967 castra
405 917 626 978 concesserant,
649 909 702 966 ‘ut
723 904 804 965 idem
828 918 1048 966 sacramentum
1065 925 1116 967 ac·

116 989 274 1074 ciperent’
320 989 471 1053 Redditur
493 1010 681 1074 responsum,
698 995 755 1051 ‘ne
779 1011 816 1051 ue
832 989 1000 1072 proditoris,
1016 1011 1117 1074 neque

112 1075 248 1140 hostium
272 1096 306 1138 se
328 1075 459 1138 consiliis
481 1075 535 1138 uti.
582 1074 661 1138 Esse
679 1075 735 1138 sibi
753 1011 908 1138 llitellium
930 1075 1115 1159 Principem,

115 1181 170 1246 pro
186 1161 351 1245 quotidem
367 1176 398 1225 et
412 1183 494 1224 arma
510 1162 655 1246 usquead
671 1183 844 1246 supremum
859 1161 994 1246 spiritum
1015 1176 1116 1226 reten-

115 1261 219 1310 turos:
244 1247 369 1331 proinde
390 1246 515 1332 perfuga
530 1247 666 1311 Batavus
681 1249 821 1311 arbitrum
835 1269 942 1310 rerum
959 1247 1116 1310 Romana-

114 1353 181 1396 rum
207 1354 246 1395 ne
270 1347 384 1416 ageret,
407 1335 461 1397 sed
489 1335 610 1397 meritas
634 1335 756 1397 sceleris
784 1355 890 1418 poeuas
913 1333 1113 1417 expectaret)

116 1417 197 1492 Quae
213 1420 263 1482 ubi
278 1421 372 1484 relata
388 1419 491 1498 Civili,
512 1421 652 1484 incensus
673 1420 725 1498 iria,
742 1421 910 1484 universam
928 1420 1114 1484 Batavorum

115 1521 238 1588 gentem
253 1506 282 1570 in
306 1528 388 1570 arma
410 1507 498 1590 rapit.
543 1506 715 1591 Junguntur
737 1506 878 1570 Bructeri
894 1505 1113 1592 Tencterique,

115 1607 146 1658 et
160 1594 262 1656 excita
277 1595 386 1658 nuntiis
402 1593 565 1656 Germania
581 1595 618 1656 ad
635 1593 764 1678 predam
779 1591 961 1678 famamque.

158 1677 268 1743 XXll.
292 1680 448 1744 Adversirs
475 1680 528 1742 has
554 1680 625 1742 belli
647 1680 851 1743 concurrentis
871 1681 977 1756 minas,
1004 1678 1113 1760 Legati

113 1765 278 1849 legionum,
300 1765 467 1830 Mummius
482 1765 641 1850 Lupercus
656 1782 687 1830 et
702 1766 858 1828 Numisius
874 1765 984 1842 Rufus,
1002 1766 1114 1828 vallum

112 1873 274 1937 murosque
301 1853 467 1917 firmabant.
513 1852 664 1916 Subversa
688 1852 783 1934 louge
809 1853 892 1936 pacis
913 1873 1015 1936 opera,
1033 1851 1114 1914 haud

112 1939 216 2023 procul
240 1939 355 2016 castris,
378 1939 407 2002 iu
431 1938 555 2002 modum
572 1939 724 2022 municipii
744 1953 907 2014 exstructa,
923 1959 961 2000 ne
978 1937 1114 2002 hostibus

112 2024 179 2086 usui
196 2023 303 2087 forent.
350 2024 414 2087 Sed
432 2046 537 2108 parum
553 2026 715 2109 provisum,
727 2039 760 2087 ut
775 2025 869 2110 copie
886 2025 913 2087 in
929 2039 1025 2088 castra
1040 2046 1114 2087 cou-

114 2110 313 2173 veherentur:
337 2112 400 2195 rapi
416 2111 591 2196 permisere.
637 2111 684 2174 Ita
707 2112 811 2194 paucis
827 2111 932 2174 diebus
949 2133 1004 2194 per
1019 2111 1113 2173 lieen-

111 2196 183 2259 tiam
200 2197 338 2260 absumta
360 2212 439 2274 suut,
464 2219 529 2283 quae
554 2197 697 2261 adversita
717 2199 913 2261 necessitates
936 2197 967 2260 in
988 2197 1112 2279 longum

112 2283 312 2347 suffecissent.
358 2282 476 2362 Civilis,
493 2285 625 2348 medium
641 2305 749 2366 agmen
766 2305 836 2348 cum
857 2283 964 2347 robore
979 2283 1113 2366 Batavo·

112 2391 178 2434 rum
194 2370 343 2446 obtinens,
359 2384 517 2454 utramque
530 2369 631 2432 Rheni
648 2373 753 2454 ripam,
765 2369 826 2455 qud
840 2370 1033 2435 truculentior
1049 2370 1112 2432 visu

112 2453 199 2532 soret,
213 2455 577 2527 Germanorumcatervis
592 2458 736 2542 complet,
749 2457 911 2520 assultante
925 2477 1112 2541 percampos

112 2541 224 2625 equite.
271 2541 367 2604 Simul
398 2563 491 2604 naves
528 2543 557 2604 in
587 2544 747 2606 adversum
778 2564 898 2606 amnem
936 2542 1110 2626 agebantur.

112 2625 195 2690 Hinc
212 2641 419 2692 veteranarum
447 2629 614 2692 cohortium
640 2631 733 2710 signa,
758 2628 828 2692 inde
851 2630 1016 2713 depromtae
1031 2628 1111 2690 silvis

110 2712 224 2778 lucisve
239 2713 367 2777 serarum
379 2715 535 2796 imagines,
548 2730 579 2778 ut
593 2716 702 2801 cuique
715 2716 796 2797 genti
811 2715 885 2778 inire
901 2715 1033 2799 praelium
1046 2734 1111 2776 mos

111 2815 167 2878 est,
183 2799 278 2865 mixta
298 2801 366 2864 belli
382 2801 475 2864 civilis
491 2803 670 2886 externique
686 2801 762 2865 secie
777 2800 1043 2885 obstupefecerant
1057 2799 1113 2862 ob·

111 2907 229 2952 sessos:
252 2902 283 2951 et
307 2909 395 2972 spem
426 2890 658 2971 oppugnantium
683 2889 814 2971 augebat
843 2887 1009 2971 amplitudo
1031 2887 1111 2964 valli,

111 2975 202 3060 quod,
219 2974 335 3038 duabus
349 2975 516 3057 legionibus
539 2975 637 3051 situm,
655 2976 705 3036 via
722 2975 853 3059 quinque
877 2974 966 3036 millia
983 2988 1110 3036 armato-

110 3083 176 3124 rum
193 3061 361 3125 tuebantur.
409 3061 472 3124 Sed
488 3061 615 3123 lixarum
633 3061 802 3138 multitudo,
819 3059 937 3125 turbate
952 3081 1029 3145 pace
1042 3059 1110 3123 illuc

110 3161 303 3228 congregata,
320 3163 350 3210 et
361 3147 589 3220 bellomiuistra
606 3148 718 3212 aderat.

153 3231 280 3296 XXlll.
305 3233 382 3296 Pars
406 3249 582 3311 castmmm,
601 3235 629 3296 in
654 3235 764 3297 collem
790 3234 899 3297 leniter
923 3254 1109 3315 exsurgens;

110 3339 178 3405 pars
200 3340 286 3403 aequo
306 3319 462 3382 adibatur:
488 3321 610 3405 quippe,
627 3321 682 3384 illis
698 3321 838 3404 hybernis
853 3319 982 3383 obsideri
1000 3320 1110 3404 premi·

110 3426 169 3491 que
194 3405 382 3481 Germanias,
409 3407 564 3489 Augustus
586 3408 775 3470 crediderat:
800 3427 899 3492 neque
924 3428 1055 3490 unquam
1078 3406 1110 3470 id

1 3496 2 3499 ’
109 3492 267 3569 malorum,
295 3505 328 3555 ut
342 3508 546 3576 oppugnatum
571 3492 650 3555 ultrd
673 3494 806 3576 legiones
828 3507 944 3557 nostras
961 3493 1108 3556 venirent.

109 3577 185 3642 lude
215 3599 274 3640 aon
301 3579 378 3655 loco,
401 3601 499 3664 neque
525 3581 715 3645 munimentis
739 3581 823 3644 labor
849 3580 988 3644 additus:
1011 3580 1055 3642 vis
1079 3595 1110 3644 et

109 3685 191 3730 arma
206 3661 278 3728 satis
302 3665 471 3750 placebant.
518 3665 626 3730 Batavi
649 3666 947 3752 Transrhenanique,
970 3664 1030 3750 qud
1050 3665 1111 3728 dis·

108 3765 191 3815 creta
206 3750 298 3817 virtus
313 3750 499 3816 manifestibs
514 3767 712 3838 spectaretur,
727 3755 784 3818 sibi
806 3775 933 3840 queque
949 3773 1024 3838 gens
1038 3773 1112 3817 cou-
