2556 4446
479 212 727 258 ηοω-ωσι
751 213 776 254 r.
1065 195 1131 260 275

165 357 231 406 Sect
245 359 268 406 i.
289 355 340 415 oar·
352 354 506 417 plerumque
513 350 625 416 fortuiti
635 355 709 416 aunt]
744 353 817 402 Senta
836 353 933 402 writers
952 368 1059 416 suppose
1079 357 1133 408 that

133 439 204 490 nond
221 440 266 490 has
278 441 343 488 bean
361 434 463 486 omitted
483 437 509 486 iu
525 438 568 488 tha
588 443 643 488 text
653 435 738 486 before
752 434 882 498 fortuiti;
905 436 999 492 othere,
1018 438 1071 486 that
1088 441 1131 492 tha

132 523 213 572 whole
226 523 310 571 clauae
320 523 340 568 is
351 535 382 568 an
391 520 570 582 interpolation.
603 520 652 570 Sed
655 519 766 581 fortuiti
776 521 885 582 explicat
896 518 1009 568 Huetiur
1020 519 1130 582 plerum·

133 619 181 667 qua
193 602 346 667 inapectote'
357 609 382 652 et
391 617 438 652 non
445 603 553 665 prorui
586 602 724 652 Nemeum
736 602 798 652 nihil
810 601 854 650 fiat
864 603 918 650 eine
930 616 1014 660 canu,
1025 609 1132 652 eventus

131 687 224 736 fortuiti
232 693 299 744 sunt,
310 701 358 736 uon
367 687 393 736 iu
401 701 437 743 oe,
446 687 489 735 aad
500 686 580 748 quoad
591 700 645 735 nos.

165 770 315 832 Principem
324 770 472 830 oliliquum
481 769 579 832 Romu]
597 767 703 826 'Galbae
720 783 734 818 a
750 769 870 818 militibus
880 769 1013 831 imperator
1024 767 1131 831 appella·

132 858 181 909 tus,
198 854 293 915 primus
303 859 341 902 est
352 854 395 916 qui
407 854 436 902 ad
447 853 579 914 inperium
592 857 697 914 evectus
708 851 784 900 suerit
792 858 867 900 extra
876 851 987 901 Romam.

165 935 231 985 Seot.
243 937 267 984 6.
288 936 412 988 Oleastro
426 934 592 998 Ooepiumm]
626 935 715 982 Porta
733 949 761 982 or
779 934 853 998 Pyla
868 935 890 982 is
906 934 968 982 here
985 935 1132 984 understood

132 1019 157 1068 ln
169 1020 314 1068 connection
331 1017 393 1066 with
409 1017 516 1079 Caspia,
527 1015 650 1080 referring
667 1022 691 1066 to
710 1016 753 1066 the
772 1031 877 1080 passage
887 1015 916 1064 oi
930 1015 1023 1066 Mouet
1034 1017 1133 1066 Taurus

132 1116 192 1150 near
202 1101 245 1150 the
257 1101 361 1162 Caspiae
373 1113 423 1148 sea.

164 1185 230 1232 Soet,
243 1187 265 1231 '!.
282 1182 433 1243 Eodemque
443 1197 513 1232 naen
525 1183 601 1246 aule]
636 1183 773 1240 Sententia,
790 1183 878 1232 eadem
898 1184 963 1232 mala
978 1198 1048 1234 nevae
1068 1184 1132 1236 aule

132 1267 257 1315 Galbianae
267 1265 352 1323 luisse,
359 1281 414 1328 que
424 1267 526 1324 veteris,
535 1268 558 1315 id
571 1272 608 1316 ast
620 1265 785 1316 Neronianas:
809 1267 853 1315 sed
864 1281 913 1315 non
922 1282 993 1330 aque
1003 1273 1132 1316 excusata.

133 1350 197 1406 Quid
210 1350 262 1398 itai
287 1350 346 1411 quia
365 1349 436 1398 Nero
455 1356 510 1399 ortu
522 1355 548 1399 et
559 1351 681 1398 natalibus
700 1350 824 1411 princeps,
843 1350 901 1410 quia
909 1351 1020 1412 Juvenis,
1036 1353 1095 1411 quia
1106 1352 1132 1398 in

132 1432 230 1492 plebem
243 1433 317 1480 etiam
329 1433 457 1497 gratiosus.
492 1432 579 1492 ltaque
591 1432 735 1492 plusculum
753 1432 777 1478 ei
796 1431 872 1479 licere
886 1432 1000 1478 volebant
1012 1441 1038 1478 et
1049 1433 1130 1494 ignos-

133 1515 230 1562 cebant.
264 1515 323 1561 Non
336 1516 371 1561 alc
380 1515 405 1560 ia
418 1514 504 1573 Galba,
516 1513 558 1573 qui
571 1513 677 1569 electus,
688 1512 732 1573 qui
743 1527 834 1571 senex,
844 1513 949 1574 ideoque
959 1514 1067 1574 prudens
1076 1528 1131 1562 esse

132 1596 251 1643 debebat:
269 1596 312 1656 qui
325 1596 433 1656 denique
442 1595 528 1655 paucis
539 1600 633 1656 gratus.

164 1677 231 1726 Sect.
243 1679 267 1724 8.
284 1676 364 1724 Paria
376 1675 487 1738 arrian]
522 1667 654 1741 Expertus
665 1676 686 1723 is
695 1679 719 1724 to
730 1677 761 1724 be
771 1665 884 1740 supplied
896 1677 958 1726 aiter
969 1677 1078 1726 ortibus.

165 1759 300 1810 Selicitiet
311 1759 385 1820 traca]
422 1759 522 1808 Solieitc'
538 1763 618 1816 metu,
634 1758 699 1806 irati
718 1760 856 1821 snperbio;
873 1762 943 1808 modo
962 1761 1081 1812 timebant
1099 1773 1131 1810 ne

133 1844 211 1892 Galba
220 1845 250 1891 ab
259 1844 288 1891 iis
299 1856 383 1904 poenas
394 1842 523 1904 exigeret3
541 1843 611 1890 modo
621 1841 700 1889 inflati
711 1844 814 1890 victoria
823 1857 897 1904 quam
906 1848 1021 1897 recenter
1029 1844 1060 1894 de
1070 1844 1131 1894 Vin·

132 1929 186 1975 dice
199 1928 343 1986 retulerant,
355 1910 478 1972 uacans
489 1925 614 1987 puniendo
625 1925 671 1986 ipsi
682 1926 830 1989 cogitabant.

164 2009 223 2058 Sect
235 2011 272 2056 lti.
290 2007 461 2070 Eqredierut]
496 2007 553 2056 Had
564 2008 678 2072 engaged
689 2008 715 2056 in
728 2023 777 2071 any
786 2009 1052 2071 militaryexpedition.

163 2090 372 2153 Petemloudce]
407 2090 702 2141 Selleitridacebontur.
864 2075 866 2080 ¹

164 2174 230 2222 Sect.
244 2177 281 2222 ll.
299 2173 380 2222 Domi
392 2173 513 2236 retinere]
548 2173 627 2222 Domi
639 2175 698 2222 lieet
709 2174 803 2226 referre
815 2175 844 2222 ad
861 2173 1040 2238 magistratus.
1074 2175 1100 2223 N
1103 2190 1133 2224 eo

131 2258 201 2320 leges
210 2271 276 2314 suas,
292 2271 341 2306 nao
353 2257 574 2320 magistratusauoe
586 2271 615 2304 ae
625 2257 771 2306 domesticos
788 2257 1017 2308 habehat—Sed
1028 2264 1055 2307 et
1065 2259 1134 2308 domi

131 2341 242 2390 retinere
259 2345 338 2402 potest
358 2339 505 2402 recinium,
522 2355 568 2403 per
586 2345 758 2402 procuratores
777 2340 956 2408 adnaininrare,
973 2341 1135 2404 perenna-rs

132 2424 297 2487 magistratus.

164 2506 218 2555 stoa·
229 2505 573 2570 ultimum—supremum]
612 2507 739 2557 Ultimum
756 2507 804 2556 and
819 2521 968 2570 supremum
978 2523 1048 2560 aearn
1060 2514 1084 2558 to
1100 2511 1132 2562 be

132 2590 194 2639 used
206 2590 269 2638 here
280 2591 305 2639 iu
318 2591 360 2640 the
372 2606 533 2639 ramesense.

164 2671 231 2722 Sect.
246 2676 283 2722 13.
299 2673 415 2720 Annalis
426 2672 561 2732 donatum]
595 2672 636 2720 An
656 2671 790 2720 individual
809 2675 887 2722 maed
900 2681 924 2724 to
935 2675 978 2724 tha
990 2679 1134 2739 equestrian

132 2756 203 2810 rank,
215 2769 266 2801 wau
278 2754 410 2814 presented
422 2753 483 2800 with
496 2767 509 2800 a
521 2753 610 2816 golden
622 2755 690 2817 ringt

166 2838 251 2895 Quem
261 2834 354 2895 elium]
389 2834 490 2896 Nempe
502 2837 532 2883 ab
543 2835 649 2884 Othone.

163 2918 230 2966 Sect.
244 2919 281 2966 16.
303 2918 436 2966 Camenae
446 2919 618 2980 monstretur]
653 2917 790 2968 Successor
801 2934 923 2970 consensu
935 2923 1082 2984 populorum
1092 2938 1132 2971 os-

132 3002 249 3050 tenditur.
748 2985 751 2989 ’

164 3081 293 3132 Dumnuti
301 3082 429 3144 principia
440 3084 590 3146 exemplum]
625 3084 696 3134 Nera
707 3086 801 3147 primus
812 3091 850 3135 est
865 3086 997 3148 imperator
1007 3103 1084 3149 quern
1096 3090 1133 3136 ri·

131 3182 193 3214 vum
203 3168 309 3214 Senatus
321 3167 448 3229 abjecerit,
459 3167 613 3230 dignumque
624 3170 731 3216 marimo
737 3168 888 3231 judicaverit
899 3171 1027 3232 supplicio.

164 3250 205 3298 Et
219 3249 303 3298 Gallo
314 3247 416 3309 quidem
427 3249 488 3310 laec]
523 3249 601 3298 Galba
614 3251 738 3308 Pisonem,
758 3252 823 3300 sicut
840 3259 909 3313 pater
925 3252 1006 3302 filium
1023 3253 1133 3316 alloque-

132 3334 219 3392 batur3
238 3333 315 3380 ceteri
326 3333 391 3379 sicut
403 3332 540 3378 adulatores
551 3334 686 3381 dominum.

166 3416 232 3464 Sect.
246 3417 284 3462 19.
301 3413 386 3462 Multi
397 3413 538 3470 uoluntate,
556 3416 617 3476 ete]
650 3416 712 3463 This
723 3422 842 3466 sentence
861 3419 882 3466 is
899 3419 997 3480 pointed
1008 3385 1134 3470 different·
1235 3435 1236 3446 ¹

131 3498 159 3560 ly
176 3499 210 3558 by
223 3495 319 3544 Brotier
338 3497 385 3544 and
404 3496 497 3552 others,
518 3497 577 3544 with
594 3512 661 3546 some
673 3499 791 3548 variation
803 3499 831 3548 oi
843 3502 969 3564 meaning.
1002 3501 1080 3553 Multi
1093 3519 1134 3552 vo·

132 3580 246 3638 luntate·,
269 3578 381 3636 effusius,
398 3580 442 3641 qui
453 3580 601 3640 noluerant3
618 3581 692 3628 medii
703 3595 732 3630 ac
743 3582 844 3642 plurimi
855 3584 926 3632 obvia
942 3586 1069 3647 obsequio,
1085 3593 1136 3634 eto.
1234 3571 1235 3580 ἵ

132 3663 149 3710 i.
162 3678 185 3710 e.
204 3661 297 3719 Multi,
313 3663 410 3712 scilieet
428 3669 564 3721 senatores,
580 3663 738 3725 plaudebant,
755 3666 813 3726 quia
830 3667 925 3715 Pisonis
936 3669 1063 3731 adoptione
1075 3683 1133 3716 cen-

132 3745 195 3796 tenti
211 3759 300 3796 reuera
312 3752 399 3806 eraut3
416 3745 461 3808 qut
475 3746 624 3806 noluerunt,
640 3761 714 3796 suurn
731 3746 834 3798 effusius
843 3749 953 3800 letitiam
967 3751 1130 3814 promebant3
