2516 4250
17 199 41 316 Γ
125 211 218 288 A'.O.
234 217 304 303 69]
403 215 546 285 Hrsroe.
570 218 645 284 Lrs.
668 217 866 286 Secessus.
1090 219 1135 283 6¹!

129 386 286 451 Othonem
310 385 412 463 luisse,
439 398 491 448 aut
514 384 742 448 oblivisceretur
765 405 908 469 unquam,
934 396 987 446 aut
1010 381 1158 446 nimium.

130 471 340 537 meminisset!

172 556 298 622 XLIX.
322 557 491 641 Postque,
515 557 635 620 dimotis
657 557 807 634 omnibus,
832 556 953 640 paulum
971 557 1138 642 requievit.

130 660 220 730 atque
236 645 332 720 illurn,
349 665 506 728 supremas
517 643 581 750 jam
597 665 684 708 curas
700 644 800 706 animo
817 644 1015 721 volutantem,
1032 665 1141 728 repens

131 731 279 796 tumultus
295 731 413 808 avertit,
441 729 576 794 nuntiata
597 731 841 794 consternatione
863 752 900 794 ac
926 730 1049 794 licentia
1064 731 1142 793 mili·

129 833 217 882 tum:
239 839 371 901 namque
398 818 577 880 abeuntibus
601 818 728 880 exitium
755 817 990 894 minitabantur;
1017 817 1141 880 strenis·

129 904 206 968 sima
220 905 250 968 in
271 902 490 985 Verginium
465 925 617 988 vr,quem,
630 903 735 966 clausa
750 904 852 980 domo,
865 904 1055 966 obsidebant.
1090 902 1141 966 ln·

129 992 252 1077 crepitis
267 989 424 1055 seditionis
441 990 625 1068 auctoribus,
641 1011 805 1074 regressus,
829 991 948 1053 vacavit
964 991 1141 1054 abeuntium

130 1079 279 1163 alloquiis,
295 1078 392 1140 donee
408 1098 514 1139 omnes
537 1078 671 1140 inviolati
688 1077 925 1159 digrederentur.
973 1075 1142 1162 Vesperas-

130 1164 297 1240 comedis,
325 1165 404 1226 sitim
432 1164 539 1226 haustu
567 1163 673 1247 gelide
701 1164 941 1248 aquassedavit.
965 1179 1027 1226 turn
1045 1164 1141 1228 allatis

131 1251 312 1336 pugionibus
336 1251 463 1326 duobus,
488 1250 557 1313 curn
582 1265 743 1335 utrumque
771 1249 984 1350 pertentasset,
1011 1251 1139 1314 alterurn

130 1338 221 1422 capiti
236 1336 388 1400 subdidit:
411 1352 441 1398 et
457 1336 652 1420 explorato,
639 1359 703 1422 Jam
717 1336 880 1421 profectos
884 1338 1008 1413 amicos,
1019 1351 1141 1400 noctem

131 1426 275 1530 quietern,
298 1438 390 1507 utque
406 1424 579 1501 affirmatur,
596 1446 655 1486 non
672 1425 840 1488 insomnem
857 1425 929 1506 egit.
975 1423 1062 1486 Luce
1080 1424 1140 1507 pri-

131 1533 194 1588 ma,
217 1510 247 1573 io
274 1508 384 1572 serrum
408 1525 530 1594 pectore
554 1511 700 1573 incubuit
738 1510 788 1573 Ad
814 1513 959 1592 gemitum
984 1511 1141 1574 morientis

132 1597 256 1680 ingressi
280 1596 376 1659 liberti
401 1597 540 1680 servique
565 1613 595 1659 et
611 1597 729 1660 Plotius
750 1595 882 1673 Firmus,
907 1597 1041 1659 Praetorii
1057 1595 1142 1660 l'rae-

132 1683 239 1760 sectus,
263 1705 357 1746 unum
384 1683 521 1745 vulnus
514 1683 669 1746 invenere.
715 1681 821 1745 Funus
846 1698 1051 1746 maturatum:
1073 1703 1138 1744 am-

132 1770 245 1834 bitiosis
260 1770 288 1832 id
307 1770 445 1854 precibus
468 1769 607 1852 petierat,
633 1777 691 1831 ‘ne
715 1782 921 1852 amputaretur
935 1783 1038 1854 caput,
1062 1769 1140 1831 ludi-

133 1857 196 1920 brio
212 1855 367 1920 loturum?
413 1855 528 1918 Tuldre
539 1877 649 1940 corpus
666 1854 818 1918 Pretoriae
828 1856 979 1933 cohortes,
991 1877 1062 1919 curn
1075 1856 1140 1920 lau·

135 1943 223 2006 dibus
247 1957 277 2006 et
308 1943 458 2026 lacrymis,
490 1942 598 2005 vulnus
628 1963 794 2026 manusque
825 1941 890 2028 ejus
917 1943 1141 2006 exosculantes.

135 2028 271 2104 Quidam
289 2028 447 2092 militurn
435 2043 524 2115 Juxta
548 2050 652 2112 rogum
680 2028 857 2092 interfecere
878 2051 932 2106 se;
961 2051 1021 2093 non
1049 2029 1142 2106 noxit,

134 2137 235 2216 neque
250 2116 290 2179 ob
306 2132 432 2193 metum,
460 2116 513 2178 sed
530 2117 719 2180 emulatione
735 2116 851 2179 decoris
867 2131 898 2180 et
913 2117 1038 2180 caritate
1054 2115 1143 2180 Prin·
1224 2156 1229 2168 ·

134 2203 228 2286 cipis·
252 2224 288 2265 ac
306 2217 409 2286 postea
425 2202 595 2286 promiscue
610 2202 765 2280 Bedriaci,
778 2202 954 2280 Placentiae,
969 2203 1118 2288 aliisque
1111 2225 1142 2266 ιιι

134 2289 249 2367 castris,
265 2290 450 2352 celebratum
467 2289 496 2352 id
509 2311 604 2371 genus
616 2289 730 2352 mortis.
768 2288 884 2352 Othoni
895 2290 1070 2374 sepulcrum
1086 2309 1142 2352 ea·

127 2387 281 2440 'structum
297 2391 343 2440 est
359 2376 510 2439 modicum
527 2392 558 2440 et
573 2397 758 2440 mansurum.

180 2461 219 2524 1..
243 2461 336 2526 Hunc
353 2463 420 2525 vitae
435 2463 526 2525 finem
546 2463 651 2526 habuit
672 2463 803 2547 septimo
826 2477 857 2526 et
873 2463 1024 2526 tricesimo
1047 2464 1143 2526 etatis

135 2570 226 2612 anno.
271 2548 367 2630 Origo
382 2549 423 2612 illi
444 2571 462 2612 e
479 2550 642 2633 municipio
658 2547 834 2614 Ferentino.
880 2549 974 2613 Pater
989 2549 1142 2613 Consula-

135 2636 192 2698 ris:
217 2657 291 2698 avus
307 2635 485 2699 Pretorius:
510 2651 678 2700 maternum
706 2658 802 2719 genus
827 2637 934 2720 impar,
958 2657 1015 2699 nec
1038 2653 1140 2699 tamen

134 2721 322 2786 indecorum.
368 2721 504 2785 Pueritiia
526 2745 563 2786 ac
581 2721 720 2808 juventii,
744 2723 863 2807 qualern
890 2723 1121 2786 monstravimus
1134 2744 1144 2801 ;

136 2809 253 2872 duobus
277 2809 466 2886 facinoribus,
497 2811 592 2873 altero
616 2809 857 2892 flagitiosissimo,
888 2810 982 2872 altero
1008 2810 1142 2891 egregio,

136 2895 312 2966 tantundem
340 2897 419 2979 apud
451 2911 588 2979 posteros
617 2897 726 2960 meruit
757 2896 842 2958 bone
868 2895 965 2972 same,
997 2911 1141 2981 quantum

137 2982 235 3046 male.
282 2981 326 3045 Ut
336 2983 513 3067 conquirere
530 2983 675 3058 sabulosa,
685 2997 716 3046 et
726 2982 802 3045 lictis
811 2983 963 3045 oblectare
977 2982 1142 3065 legentium

137 3069 263 3146 animos,
287 3070 391 3152 procul
407 3071 552 3152 gravitate
568 3070 661 3153 ooepti
676 3069 776 3152 operis
794 3069 971 3132 crediderim
987 3091 994 3147 ;
1018 3070 1059 3132 ito
1076 3070 1141 3132 rul-

137 3156 213 3238 gatis
228 3157 401 3240 traditisque
418 3156 541 3219 demere
556 3156 646 3219 fidem
664 3178 723 3219 non
736 3157 842 3218 ausim.
889 3155 979 3232 rute,
1001 3179 1061 3240 quo
1077 3155 1141 3219 Be·

137 3241 228 3305 driaci
244 3243 424 3318 certabatur,
443 3264 531 3305 avem
549 3242 699 3306 invisitat&
714 3243 816 3326 specie
833 3243 911 3325 apud
929 3242 1061 3325 Regium
1079 3241 1142 3306 Le·

138 3328 243 3412 pidum
272 3329 384 3392 celebri
408 3330 476 3392 loco
501 3329 697 3406 consedisse,'
724 3330 829 3392 incolae
856 3344 1034 3404 memorant,
1061 3336 1142 3392 ‘neo

138 3414 249 3477 deinde
263 3429 345 3478 coetu
362 3415 527 3492 hominum,
543 3429 594 3479 aut
609 3416 912 3481 circumvolitantium
930 3417 1046 3490 alitum,
1057 3417 1144 3478 terri-

138 3517 200 3564 tam
224 3502 391 3586 pulsamve,
416 3503 514 3565 donec
537 3501 622 3567 Otho
647 3523 680 3566 se
703 3504 768 3587 ipse
784 3503 983 3566 interficeret:
1007 3517 1071 3564 tum
1087 3503 1141 3565 ab·

138 3587 230 3652 latam
245 3609 285 3652 ex
296 3589 408 3652 oculis.
432 3603 463 3653 et
475 3604 612 3673 tempora
627 3590 864 3693 reputantibuss
857 3590 972 3652 mitium
988 3587 1142 3675 finemque

139 3675 274 3740 miraculi
290 3695 360 3740 cum
376 3673 507 3740 Othonis
522 3677 631 3741 esitu‘
644 3674 851 3761 competisse?
