2560 4258
182 225 224 288 36
519 222 558 285 C.
581 221 690 287 Coun.
714 221 839 288 Tuom
982 223 1038 308 [Α.
1051 223 1094 288 U.
1108 227 1188 289 822.

180 389 237 452 bus
253 409 289 450 ac
306 387 476 471 provinciis,
493 384 619 450 Vitellio
634 385 757 472 quidem
773 388 811 451 ad
832 390 1049 473 capessendam
1066 389 1189 454 Princi-
1253 373 1254 424 ἶ

181 475 268 561 patris
285 474 431 537 fortunam
449 473 529 535 bello
543 495 620 556 opus
635 489 710 536 erat.

225 559 401 624 LXXVll.
425 559 521 635 Oth0,
542 576 575 622 ut
590 560 619 622 in
636 559 730 623 multi
755 581 841 644 pace,
865 562 965 624 munia
981 561 1103 645 ltnperii
1119 562 1188 626 ubi·
1253 621 1254 648 p

179 649 249 712 bat:
281 648 417 732 quaedanr
448 668 488 708 ex
513 647 657 728 dignitate
684 646 884 730 Reipublicae,
914 649 1056 732 pleraque
1080 665 1188 712 contra

180 735 274 797 decus
291 755 331 796 ex
357 734 492 815 presenti
520 753 574 794 usu
598 735 795 817 properando.
841 733 956 796 Consul
973 757 1041 797 cum
1059 734 1187 798 Titiano

180 821 269 885 fratre
285 822 314 882 in
332 819 486 882 Kalendas
511 818 635 881 Martias
657 821 742 902 ipse:
766 821 919 902 proximos
936 843 1055 882 menses
1072 820 1186 904 Vergi-

180 909 230 970 nio
246 907 385 980 destinat¹
396 923 429 968 ut
444 906 563 990 aliquod
581 907 726 969 exercitui
742 904 926 969 Germanico
941 908 1185 970 delinimentum.

180 993 320 1074 Jungitur
349 991 493 1074 Verginio
524 991 676 1074 Poppaeus
708 991 870 1075 Vopiscus,
899 1009 1045 1076 praetextu
1075 995 1187 1057 veteris

180 1081 317 1144 amicitiae
328 1101 336 1157 ;
362 1080 506 1162 plerique,
525 1076 744 1144 Viennensium
763 1080 864 1142 honori
882 1081 995 1154 datum,
1009 1081 1188 1164 interpreta-

180 1167 299 1230 bantur.
345 1164 451 1228 Ceteri
481 1163 666 1227 Consulatus
691 1186 732 1228 ex
758 1165 956 1228 destinatione
982 1165 1110 1228 Neronis
1131 1182 1185 1230 aut

180 1253 286 1315 Gatbae
304 1252 451 1314 mansere.
497 1250 595 1313 Caelio
610 1273 645 1314 ac
662 1250 770 1314 Flavio
792 1252 910 1314 Sabinis
926 1254 953 1314 in
971 1252 1077 1327 Julias,
1096 1253 1185 1316 Arrio

180 1340 334 1402 Antonino
358 1355 389 1401 et
413 1336 511 1400 Mario
527 1337 622 1400 Celso
638 1338 666 1399 in
684 1338 900 1420 Septembres:
924 1361 1049 1423 quorum
1077 1341 1183 1403 honori
1255 1329 1256 1378 l

180 1447 220 1488 ne
238 1424 376 1489 Vitellius
393 1425 514 1509 quidem
533 1425 627 1485 victor
650 1425 828 1486 intercessit.
876 1425 937 1487 Sed
955 1425 1040 1486 Otho
1057 1425 1186 1488 Pontifi-

179 1529 264 1576 catus
287 1513 519 1595 Auguratusque
544 1511 693 1572 honoratis
713 1510 778 1594 jarn
801 1511 922 1572 senibus
946 1513 1100 1574 cumulum
1118 1513 1185 1596 dig-

179 1600 279 1662 nitatis
295 1599 423 1661 addidit:
448 1613 479 1660 et
496 1617 600 1659 recens
616 1597 654 1658 ab
670 1597 761 1658 exilio
781 1617 917 1660 reversos
934 1599 1047 1660 nobiles
1064 1599 1183 1661 adoles·

179 1687 317 1748 centulos
333 1687 418 1747 avitis
434 1705 469 1746 ac
488 1684 616 1765 paternis
633 1683 824 1760 Sacerdotiis,
837 1685 864 1746 in
881 1685 1031 1759 solatium,
1044 1685 1182 1748 recoluit.

179 1771 332 1834 Redditus
353 1771 452 1834 Cadio
468 1769 562 1846 Ruso,
590 1769 686 1832 Pedio
702 1769 814 1845 Blaeso‚
838 1770 951 1832 Sevino
969 1771 1111 1832 Pomtino
1126 1770 1184 1834 Se·

179 1859 310 1921 natorius
325 1858 420 1932 locus,
446 1857 495 1940 qui
524 1857 756 1940 repetundarum
772 1857 945 1918 criminibus
971 1857 1027 1918 sub
1050 1857 1184 1921 Claudio

179 1965 215 2006 ac
240 1943 362 2004 Nerone
388 1943 571 2005 ceciderant.
619 1941 738 2006 Placuit
760 1944 992 2024 ignoscentibus,
1017 1965 1103 2005 verso
1129 1967 1185 2006 no·

179 2030 271 2104 mine,
295 2029 375 2112 quod
398 2029 520 2090 avaritia
538 2026 642 2103 luerat,
665 2028 758 2090 videri
774 2029 981 2114 majestatem:
1010 2029 1096 2115 cujus
1118 2045 1184 2093 turn

179 2117 249 2179 odio
261 2115 350 2176 etiam
369 2116 452 2175 bone
465 2115 547 2193 leges
565 2114 711 2196 peribant.

223 2199 410 2264 LXXVIll.
435 2199 555 2262 Eadem
573 2201 728 2281 largitione
743 2201 897 2264 civitatum
915 2225 1035 2288 quoque
1058 2225 1094 2266 ac
1114 2225 1184 2287 pro·

180 2290 343 2352 vinciarnm
360 2287 658 2369 animosaggressus,
681 2285 922 2372 Hispaliensibns
938 2307 968 2352 et
986 2289 1185 2353 Emeritensi-

179 2376 234 2438 bus
251 2375 428 2436 familiarum
442 2371 637 2457 adjcctiones,
665 2373 852 2456 Lingonibus
868 2377 1013 2438 universis
1028 2377 1184 2439 civitatem

179 2461 363 2536 Romanam,
381 2460 539 2543 proviu‘ciae
555 2458 676 2523 Baeticae
695 2459 870 2523 Maurorum
882 2463 1020 2525 civitates
1032 2463 1113 2526 dono
1128 2463 1184 2525 de·

179 2550 243 2611 dit:
266 2569 344 2609 nova
356 2548 425 2630 jura
438 2544 653 2628 Cappadocia,
677 2567 755 2609 nova
776 2547 898 2624 Alricae,
921 2550 1050 2610 ostentui
1075 2547 1183 2631 magis,

80 2640 82 2643 ’
179 2635 268 2720 quiam
285 2654 435 2695 mansura.
481 2632 655 2717 interque,
678 2635 858 2696 necessitate
876 2636 1064 2718 presentium
1083 2657 1184 2698 rerum

179 2739 209 2786 et
235 2719 411 2784 instantibus
434 2720 511 2781 curis
535 2734 691 2797 excusata,
718 2741 757 2782 ne
788 2735 850 2783 tum
877 2720 998 2804 quidem
1025 2723 1187 2784 immernor

179 2829 326 2882 amorum,
349 2820 461 2868 statuas
478 2805 618 2889 Poppaeae
637 2827 690 2889 per
705 2805 835 2868 Senatds
850 2808 1020 2869 consultum
1038 2809 1186 2890 reposuit.

178 2893 322 2957 Creditus
337 2907 383 2954 est
399 2893 488 2955 etiam
510 2893 547 2952 de
570 2891 753 2956 celebrandis
768 2892 898 2955 Neronis
922 2893 1067 2956 memoriis
1090 2896 1187 2974 agita·

178 2982 268 3057 visse,
284 2978 478 3062 spe'vulgum
503 2979 662 3041 alliciendi.
710 2979 752 3042 Et
768 2979 862 3055 lubre,
884 2983 932 3064 qui
950 2982 1095 3061 imagines
1118 2979 1188 3043 Ne·

178 3068 257 3130 runis
274 3081 494 3150 proponerent:
517 3081 608 3149 atque
632 3065 723 3128 etiarn
747 3065 862 3128 Othoni
879 3067 1057 3150 quibusdam
1075 3067 1186 3130 diebus

178 3154 309 3236 populus
322 3167 353 3214 et
369 3153 465 3228 miles,
482 3167 622 3235 tanquam
639 3153 825 3215 nobilitatem
847 3173 881 3214 ac
898 3154 990 3214 decus
1006 3168 1186 3230 astruerent,

178 3261 305 3303 nnnonr
330 3259 457 3300 ostrum
474 3239 662 3301 acclamavit.
708 3239 779 3323 lpse
795 3239 824 3301 in
841 3260 988 3322 suspenso
1004 3241 1111 3316 tenuit,
1129 3261 1184 3303 ve-

177 3325 257 3391 tandi
275 3341 368 3399 metu,
386 3325 433 3386 vel
451 3325 633 3405 agnoscendi
651 3326 776 3409 pudore.

222 3410 381 3475 LXXIX.
406 3409 570 3474 Conversis
597 3411 633 3473 ad
660 3413 749 3474 civile
777 3411 889 3474 bellum
911 3411 1027 3486 animis,
1053 3425 1184 3475 externa

177 3500 240 3562 sine
264 3497 338 3560 curd
362 3498 557 3560 habebantur.
605 3497 654 3560 Εὸ
669 3498 828 3561 audentius
844 3497 1031 3572 Rhoxolani,
1059 3495 1185 3560 Sarma·

175 3589 235 3648 tica
252 3606 336 3666 gena,
364 3585 460 3666 priore
485 3586 595 3667 hyeme
619 3586 703 3648 caesis
724 3586 839 3648 duabus
863 3585 1046 3659 cohortibus,
1071 3585 1185 3665 magna

175 3694 230 3756 spe
254 3673 290 3734 ad
308 3671 447 3733 Moesiam
471 3673 656 3754 irruperant:
680 3693 791 3734 novem
814 3672 905 3734 millia
929 3670 1076 3753 equiturn,
1101 3670 1184 3732 sero-

175 3761 256 3822 ciora
271 3779 411 3822 successu
428 3773 458 3822 et
479 3759 585 3843 praeda
601 3755 696 3842 magis
712 3757 801 3844 quarn
818 3780 926 3842 pugnae
947 3758 1073 3820 intenta.
1118 3755 1183 3840 lgi-
1255 3831 1256 3836 γ
