2560 4258
129 240 171 304 A.
182 237 224 305 C.
240 237 310 321 69.]
429 235 573 306 Hieros.
597 235 672 302 Lm.
696 236 838 302 Paratus.
1090 239 1131 304 at

132 403 283 478 neusium,
303 401 461 466 occasione
477 401 541 480 irae,
563 401 593 466 in
609 400 714 466 fiscum
731 412 883 478 verterat3
906 399 1017 464 multus
1032 401 1138 464 contria

133 490 165 553 in
182 487 374 552 Viennenses
401 489 517 552 bonor:
541 487 620 552 unde
644 487 794 552 aeurulatio
824 501 855 550 et
878 487 990 550 invidia
1019 501 1050 550 et
1077 509 1138 552 uuo

134 595 224 640 amne
240 575 375 638 discretis
390 597 562 638 connexum
578 576 693 638 odium.
737 572 832 656 Igitur
847 572 1069 656 Lugdunenses
1084 595 1140 638 ex·

134 663 288 726 stimulare
304 661 435 743 singulos
458 662 596 738 militum,
619 675 651 724 et
666 661 695 724 in
712 661 900 724 eversionem
918 659 1138 724 Viennensium

134 748 302 833 impellere,
319 749 493 810 ‘obsessam
517 749 554 812 ab
569 747 627 811 illis
642 746 790 812 coloniam
811 768 908 824 suam,
931 745 1049 832 adjutos
1063 745 1140 810 Vin-

135 834 210 898 dicis
224 848 360 909 oonatus,
376 834 559 918 conscriptas
575 855 670 919 nuper
686 833 820 916 legiones
835 834 864 896 in
881 833 1048 918 presidium
1065 832 1140 897 Gal·

135 919 192 984 bre'
209 920 389 983 referendo:
412 935 453 996 ct,
470 921 520 984 ubi
534 941 641 984 causas
656 920 791 984 odiorum
809 920 1040 1004 pretenderent,
1057 942 1140 1003 mag·

135 1005 301 1074 nitudinem
318 1006 422 1090 praedae
438 1006 648 1070 ostendebant.
694 1005 763 1070 Nec
785 1005 848 1090 jam
865 1021 982 1070 secreta
998 1007 1140 1070 exhorta-

135 1093 190 1170 tio,
205 1093 258 1155 sed
275 1093 399 1176 publicae
415 1113 540 1176 preces:
556 1092 660 1156 ‘lrent
672 1093 794 1169 ultores,
810 1093 1021 1156 exscinderent
1034 1093 1138 1158 sedem

138 1178 248 1241 Gallici
265 1179 355 1241 belli:
379 1195 487 1243 cuncta
507 1179 567 1243 illic
583 1194 708 1242 externa
732 1195 763 1241 et
780 1180 917 1242 lrostilia:
941 1201 974 1242 se
989 1180 1138 1244 coloniam

137 1263 309 1330 Romanam
333 1278 364 1327 et
386 1281 502 1349 partem
529 1265 682 1329 exercitiis
708 1279 739 1328 et
765 1287 972 1350 prosperarum
1000 1266 1140 1330 adversa·

136 1371 263 1435 rumque
285 1372 384 1414 rerum
400 1352 517 1416 socios:
542 1353 566 1417 si
582 1351 697 1417 fortuna
712 1351 818 1415 contria
832 1352 927 1430 daret,
943 1353 1023 1416 iratis
1039 1374 1077 1416 ue
1093 1374 1140 1416 re·

136 1437 178 1509 lin
201 1437 364 1500 uerentur.'

180 1458 305 1588 erVl.
330 1522 389 1586 His
404 1537 434 1586 et
451 1524 583 1608 pluribus
599 1523 771 1588 ineundam
785 1523 920 1601 modum,
937 1525 1140 1609 perpulerant,

137 1623 170 1674 ut
184 1630 223 1674 ne
239 1609 347 1692 Legati
361 1610 493 1694 quidem,
508 1632 543 1673 ac
559 1610 665 1676 Duces
681 1612 806 1694 partium
824 1611 966 1692 restingui
980 1633 1069 1694 posse
1085 1613 1141 1675 ira·

135 1695 275 1760 cundiam
303 1695 456 1762 exercitiis
480 1697 709 1774 arbitrarentur3
733 1698 802 1760 ciam
828 1697 908 1759 haud
930 1697 1022 1778 ignari
1038 1697 1141 1762 discri-

138 1783 226 1846 minis
241 1783 285 1846 sui
296 1781 498 1860 Viennenses,
515 1783 684 1848 velamenta
701 1797 731 1846 et
747 1783 854 1846 insulas
870 1782 1072 1866 preferentes,
1088 1783 1139 1847 ubi

137 1889 246 1950 agmen
263 1869 435 1947 incesserat,
451 1889 544 1945 arma,
561 1890 671 1950 genua,
687 1869 811 1950 vestigia
828 1869 1008 1953 prensando,
1025 1869 1140 1934 flexere

19 2018 31 2036 „
137 1954 264 2018 militum
288 1956 414 2019 animos.
461 1956 587 2019 Addidit
602 1953 717 2020 Valens
739 1971 878 2020 trecenos
902 1957 1025 2039 singulis
1041 1957 1141 2022 militi·

139 2040 195 2106 bus
210 2042 383 2106 sestertios:
410 2055 474 2105 tum
491 2056 625 2107 vetustas
648 2042 835 2128 dignitasque
850 2043 974 2106 colonie
992 2043 1093 2122 valuit,
1111 2058 1142 2108 et

139 2127 231 2192 verba
247 2127 344 2204 Fabii,
365 2128 492 2192 salutem
513 2129 810 2214 incolumitatemque
821 2127 1040 2194 Viennensium
1056 2151 1141 2194 com·

139 2213 320 2292 mendantis,
347 2216 439 2299 aequis
464 2216 584 2280 auribus
607 2231 751 2301 accepta:
781 2215 901 2299 publice
928 2231 1029 2280 tamen
1053 2218 1142 2282 armis

139 2300 285 2377 mulctati,
303 2301 422 2385 privatis
438 2315 468 2365 et
485 2303 659 2387 promiscuis
673 2303 767 2386 copiis
778 2302 886 2387 juvere
903 2304 1039 2366 militem.
1079 2301 1142 2367 Sed

139 2385 220 2450 sama
242 2402 384 2452 constans
400 2387 464 2463 suit,
480 2390 598 2474 ‘ipsum
615 2387 778 2452 Valentem
800 2388 911 2473 magnit
925 2387 1055 2474 pecunia
1077 2410 1142 2452 em-

139 2473 227 2536 tum.’
272 2473 303 2538 ls
318 2475 367 2536 diu
391 2475 538 2552 sordidus,
555 2475 678 2561 repentia
694 2475 789 2551 dives,
806 2477 1001 2539 mutationem
1019 2475 1142 2542 sortunae

140 2559 220 2628 malie
237 2561 369 2640 tegebat,
385 2562 520 2626 accensis
536 2577 668 2645 egestate
684 2561 775 2643 longi
789 2563 979 2646 cupidinibus
994 2563 1141 2626 immode-

140 2661 232 2724 ratus,
260 2663 300 2723 et,
324 2647 404 2730 inopi
424 2645 561 2733 juventi,
588 2669 683 2713 senex
708 2649 861 2732 prodigus.
907 2648 1009 2713 Lento
1033 2649 1143 2714 deinde

137 2733 271 2814 agmine,
284 2755 337 2817 per
353 2734 427 2798 lines
440 2735 635 2817 Allobrogum
652 2749 683 2798 et
696 2733 913 2798 Vocontiorum
930 2735 1038 2800 ductus
1053 2757 1143 2800 exer·

140 2823 234 2884 citus:
259 2820 322 2901 ipsa
339 2821 475 2883 itinerum
492 2822 586 2905 spatia
602 2836 632 2884 et
652 2821 825 2885 stativorum
843 2823 1022 2887 mutationes
1038 2822 1142 2886 vendi·

141 2917 222 2970 tante
236 2905 337 2982 Duce,
351 2905 437 2970 loedis
450 2908 635 2991 pactionibus
647 2907 683 2970 ad
688 2907 790 2971 rersbs
802 2929 988 2992 possessores
1004 2930 1143 2992 agrorum

141 3006 171 3055 et
187 2991 380 3070 Magistratus
395 2993 560 3071 civitatum,
576 2993 654 3058 adeb
670 2993 833 3070 minaciter,
850 3009 882 3058 ut
897 2994 985 3058 Luco
1002 2996 1143 3081 (munici-

141 3078 223 3162 pium
240 3079 268 3140 id
281 3077 498 3142 Vocontiorum
514 3084 574 3162 est)
592 3079 673 3144 laces
695 3081 872 3155 admoverit,
896 3082 994 3145 donec
1015 3081 1143 3166 pecuniis

141 3164 343 3246 mitigaretur:
369 3165 506 3249 quotiens
530 3167 663 3252 pecuniae
683 3167 805 3230 materia
828 3167 959 3244 deesset,
982 3171 1090 3254 stupris
1111 3183 1142 3234 ct

141 3249 292 3314 adulteriis
308 3253 439 3316 exorabo
544 3254 595 3317 Sic
611 3255 648 3316 ad
665 3254 761 3337 Alpes
776 3271 965 3336 perventum.

185 3335 321 3400 LXVll.
346 3337 420 3400 Plus
435 3267 546 3422 ⁹ae
563 3362 598 3404 ac
613 3341 764 3420 sanguinis
780 3339 902 3404 Caecina
920 3342 1026 3405 hausit.
1073 3340 1142 3406 lrri·

142 3437 279 3486 taverant
296 3425 445 3488 turbidum
459 3426 609 3508 ingenium
624 3427 770 3504 Helvetii,
781 3427 898 3490 Gallica
914 3450 999 3510 gens,
1012 3428 1083 3492 olim
1096 3450 1143 3492 ar·

141 3511 198 3574 mis
216 3511 354 3594 virisque,
372 3533 443 3575 mox
460 3514 605 3577 memorial
627 3515 755 3576 nominis
770 3514 861 3590 clara,
882 3515 1018 3578 decede
1034 3513 1141 3580 Galbae

142 3597 247 3679 ignari,
268 3612 299 3659 et
316 3597 430 3661 Vitellii
446 3599 605 3683 imperium
622 3602 799 3664 abnuentes.
846 3600 966 3664 lnitium
990 3602 1071 3665 bello
1087 3601 1141 3666 suit

142 3683 264 3746 avaritia
281 3705 316 3746 ac
329 3683 477 3750 festinatio
489 3687 731 3764 unaetvicesimae
747 3687 890 3768 legionis:
915 3705 1074 3772 rapuerant
1089 3711 1141 3772 pe·

140 3770 261 3838 cuniam
278 3771 398 3836 missam
421 3773 450 3838 iu
473 3774 655 3860 stipendium
670 3774 797 3852 castelli,
821 3775 901 3860 quod
916 3776 988 3838 olim
1005 3773 1141 3846 Helvetii
