<?xml version="1.0" encoding="UTF-8"?>
<!DOCTYPE html PUBLIC "-//W3C//DTD XHTML 1.0 Transitional//EN"
    "http://www.w3.org/TR/xhtml1/DTD/xhtml1-transitional.dtd">
<html xmlns="http://www.w3.org/1999/xhtml" xml:lang="en" lang="en">
 <head>
  <title>
</title>
<meta http-equiv="Content-Type" content="text/html;charset=utf-8" />
  <meta name='ocr-system' content='tesseract 3.04.00' />
  <meta name='ocr-capabilities' content='ocr_page ocr_carea ocr_par ocr_line ocrx_word'/>
</head>
<body>
  <div class='ocr_page' id='page_1' title='image "./ccorneliitaciti24tacigoog_0334.png"; bbox 0 0 2484 4316; ppageno 0'>
   <div class='ocr_carea' id='block_1_1' title="bbox 114 217 1119 306">
    <p class='ocr_par' dir='ltr' id='par_1_1' title="bbox 114 217 1119 306">
     <span class='ocr_line' id='line_1_1' title="bbox 114 217 1119 306; baseline 0 -20"><span class='ocrx_word' id='word_1_1' title='bbox 114 222 177 286; x_wconf 87' lang='grc'><strong>160</strong></span> <span class='ocrx_word' id='word_1_2' title='bbox 447 218 489 283; x_wconf 91' lang='lat' dir='ltr'><strong>C.</strong></span> <span class='ocrx_word' id='word_1_3' title='bbox 513 219 622 286; x_wconf 76' lang='lat' dir='ltr'><strong>Corn.</strong></span> <span class='ocrx_word' id='word_1_4' title='bbox 645 217 770 286; x_wconf 74' lang='lat' dir='ltr'><strong>Tacrrr</strong></span> <span class='ocrx_word' id='word_1_5' title='bbox 905 222 961 306; x_wconf 83' lang='lat' dir='ltr'><strong>[A.</strong></span> <span class='ocrx_word' id='word_1_6' title='bbox 977 219 1020 286; x_wconf 90' lang='lat' dir='ltr'><strong>U.</strong></span> <span class='ocrx_word' id='word_1_7' title='bbox 1035 223 1119 288; x_wconf 68' lang='lat'><strong>822.</strong></span> 
     </span>
    </p>
   </div>
   <div class='ocr_carea' id='block_1_2' title="bbox 101 383 1206 3846">
    <p class='ocr_par' dir='ltr' id='par_1_2' title="bbox 111 383 1120 558">
     <span class='ocr_line' id='line_1_2' title="bbox 111 383 1120 468; baseline 0 -16"><span class='ocrx_word' id='word_1_8' title='bbox 111 401 145 452; x_wconf 91' lang='lat' dir='ltr'><strong>ut</strong></span> <span class='ocrx_word' id='word_1_9' title='bbox 160 387 267 452; x_wconf 86' lang='lat' dir='ltr'><strong>decem</strong></span> <span class='ocrx_word' id='word_1_10' title='bbox 283 385 363 450; x_wconf 89' lang='lat' dir='ltr'><strong>haud</strong></span> <span class='ocrx_word' id='word_1_11' title='bbox 379 383 506 468; x_wconf 75' lang='lat' dir='ltr'><strong>amplius</strong></span> <span class='ocrx_word' id='word_1_12' title='bbox 516 383 632 448; x_wconf 90' lang='lat' dir='ltr'><strong>dierum</strong></span> <span class='ocrx_word' id='word_1_13' title='bbox 645 385 824 450; x_wconf 89' lang='lat' dir='ltr'><strong>frumentum</strong></span> <span class='ocrx_word' id='word_1_14' title='bbox 840 386 871 450; x_wconf 92' lang='lat' dir='ltr'><strong>in</strong></span> <span class='ocrx_word' id='word_1_15' title='bbox 887 386 1002 452; x_wconf 84' lang='lat' dir='ltr'>horreis</span> <span class='ocrx_word' id='word_1_16' title='bbox 1013 386 1120 468; x_wconf 87' lang='lat' dir='ltr'><strong>fuerit,</strong></span> 
     </span>
     <span class='ocr_line' id='line_1_3' title="bbox 111 472 815 558; baseline -0.006 -18"><span class='ocrx_word' id='word_1_17' title='bbox 111 475 181 542; x_wconf 78' lang='lat' dir='ltr'><strong>oiim</strong></span> <span class='ocrx_word' id='word_1_18' title='bbox 198 497 215 538; x_wconf 93' lang='lat' dir='ltr'><strong>a</strong></span> <span class='ocrx_word' id='word_1_19' title='bbox 230 472 417 558; x_wconf 83' lang='lat' dir='ltr'>Vespasiano</span> <span class='ocrx_word' id='word_1_20' title='bbox 431 487 619 536; x_wconf 83' lang='lat' dir='ltr'><strong>commeatus</strong></span> <span class='ocrx_word' id='word_1_21' title='bbox 634 473 815 536; x_wconf 69' lang='lat' dir='ltr'><strong>subvenere.</strong></span> 
     </span>
    </p>

    <p class='ocr_par' dir='ltr' id='par_1_3' title="bbox 109 557 1122 1339">
     <span class='ocr_line' id='line_1_4' title="bbox 155 557 1121 642; baseline 0 -18"><span class='ocrx_word' id='word_1_22' title='bbox 155 560 244 624; x_wconf 91' lang='lat' dir='ltr'><strong>Llll.</strong></span> <span class='ocrx_word' id='word_1_23' title='bbox 268 560 380 624; x_wconf 89' lang='lat' dir='ltr'><strong>Curam</strong></span> <span class='ocrx_word' id='word_1_24' title='bbox 403 559 578 622; x_wconf 87' lang='lat' dir='ltr'><strong>restituendi</strong></span> <span class='ocrx_word' id='word_1_25' title='bbox 602 561 735 642; x_wconf 90' lang='lat' dir='ltr'><strong>capitolii</strong></span> <span class='ocrx_word' id='word_1_26' title='bbox 757 560 786 622; x_wconf 92' lang='lat' dir='ltr'><strong>in</strong></span> <span class='ocrx_word' id='word_1_27' title='bbox 802 559 843 624; x_wconf 90' lang='lat' dir='ltr'><strong>L.</strong></span> <span class='ocrx_word' id='word_1_28' title='bbox 863 557 1024 625; x_wconf 78' lang='lat' dir='ltr'>Vestinum</span> <span class='ocrx_word' id='word_1_29' title='bbox 1040 583 1121 625; x_wconf 91' lang='lat' dir='ltr'><strong>con-</strong></span> 
     </span>
     <span class='ocr_line' id='line_1_5' title="bbox 112 645 1122 733; baseline -0.003 -20"><span class='ocrx_word' id='word_1_30' title='bbox 112 645 180 725; x_wconf 87' lang='lat' dir='ltr'><strong>fert,</strong></span> <span class='ocrx_word' id='word_1_31' title='bbox 197 647 355 733; x_wconf 90' lang='lat' dir='ltr'><strong>Equestris</strong></span> <span class='ocrx_word' id='word_1_32' title='bbox 370 645 481 710; x_wconf 85' lang='lat' dir='ltr'>ordinis</span> <span class='ocrx_word' id='word_1_33' title='bbox 497 646 603 720; x_wconf 87' lang='lat' dir='ltr'><strong>virum,</strong></span> <span class='ocrx_word' id='word_1_34' title='bbox 619 647 673 708; x_wconf 92' lang='lat' dir='ltr'><strong>sed</strong></span> <span class='ocrx_word' id='word_1_35' title='bbox 690 647 866 710; x_wconf 88' lang='lat' dir='ltr'><strong>anctoritate</strong></span> <span class='ocrx_word' id='word_1_36' title='bbox 879 646 1021 733; x_wconf 70' lang='lat' dir='ltr'><strong>famaque</strong></span> <span class='ocrx_word' id='word_1_37' title='bbox 1037 649 1122 711; x_wconf 90' lang='lat' dir='ltr'><strong>inter</strong></span> 
     </span>
     <span class='ocr_line' id='line_1_6' title="bbox 111 731 1121 820; baseline 0 -22"><span class='ocrx_word' id='word_1_38' title='bbox 111 755 264 820; x_wconf 82' lang='lat' dir='ltr'><strong>proceres.</strong></span> <span class='ocrx_word' id='word_1_39' title='bbox 310 734 360 798; x_wconf 88' lang='lat' dir='ltr'><strong>Ab</strong></span> <span class='ocrx_word' id='word_1_40' title='bbox 376 754 413 796; x_wconf 92' lang='lat' dir='ltr'><strong>eo</strong></span> <span class='ocrx_word' id='word_1_41' title='bbox 427 733 573 796; x_wconf 89' lang='lat' dir='ltr'><strong>contracti</strong></span> <span class='ocrx_word' id='word_1_42' title='bbox 589 731 774 818; x_wconf 81' lang='lat' dir='ltr'><strong>Haruspices</strong></span> <span class='ocrx_word' id='word_1_43' title='bbox 796 732 953 812; x_wconf 71' lang='lat' dir='ltr'><strong>monuere,</strong></span> <span class='ocrx_word' id='word_1_44' title='bbox 969 743 1024 797; x_wconf 90' lang='lat' dir='ltr'><strong>‘ut</strong></span> <span class='ocrx_word' id='word_1_45' title='bbox 1046 735 1121 798; x_wconf 88' lang='lat' dir='ltr'><strong>reli·</strong></span> 
     </span>
     <span class='ocr_line' id='line_1_7' title="bbox 112 819 1118 906; baseline 0 -22"><span class='ocrx_word' id='word_1_46' title='bbox 112 821 188 906; x_wconf 84' lang='lat' dir='ltr'><strong>quiae</strong></span> <span class='ocrx_word' id='word_1_47' title='bbox 219 819 322 905; x_wconf 90' lang='lat' dir='ltr'><strong>prioris</strong></span> <span class='ocrx_word' id='word_1_48' title='bbox 352 819 469 882; x_wconf 83' lang='lat' dir='ltr'>delubri</span> <span class='ocrx_word' id='word_1_49' title='bbox 495 819 524 882; x_wconf 90' lang='lat' dir='ltr'><strong>in</strong></span> <span class='ocrx_word' id='word_1_50' title='bbox 556 819 682 902; x_wconf 88' lang='lat' dir='ltr'><strong>paludes</strong></span> <span class='ocrx_word' id='word_1_51' title='bbox 708 820 926 885; x_wconf 83' lang='lat' dir='ltr'><strong>eveherentur:</strong></span> <span class='ocrx_word' id='word_1_52' title='bbox 961 821 1118 905; x_wconf 90' lang='lat' dir='ltr'><strong>templum</strong></span> 
     </span>
     <span class='ocr_line' id='line_1_8' title="bbox 110 905 1120 986; baseline 0 -16"><span class='ocrx_word' id='word_1_53' title='bbox 110 907 218 970; x_wconf 90' lang='lat' dir='ltr'><strong>iisdem</strong></span> <span class='ocrx_word' id='word_1_54' title='bbox 241 905 373 986; x_wconf 82' lang='lat' dir='ltr'><strong>vestigiis</strong></span> <span class='ocrx_word' id='word_1_55' title='bbox 396 907 570 968; x_wconf 84' lang='lat' dir='ltr'><strong>sisteretur:</strong></span> <span class='ocrx_word' id='word_1_56' title='bbox 602 907 682 968; x_wconf 92' lang='lat' dir='ltr'><strong>nolle</strong></span> <span class='ocrx_word' id='word_1_57' title='bbox 713 906 810 984; x_wconf 82' lang='lat' dir='ltr'><strong>Deos,</strong></span> <span class='ocrx_word' id='word_1_58' title='bbox 840 907 948 970; x_wconf 90' lang='lat' dir='ltr'><strong>mutari</strong></span> <span class='ocrx_word' id='word_1_59' title='bbox 977 921 1120 971; x_wconf 85' lang='lat' dir='ltr'><strong>veterem</strong></span> 
     </span>
     <span class='ocr_line' id='line_1_9' title="bbox 109 991 1116 1078; baseline 0 -21"><span class='ocrx_word' id='word_1_60' title='bbox 109 992 259 1058; x_wconf 87' lang='lat' dir='ltr'><strong>formam.&#39;</strong></span> <span class='ocrx_word' id='word_1_61' title='bbox 304 991 477 1056; x_wconf 88' lang='lat' dir='ltr'><strong>Undecimo</strong></span> <span class='ocrx_word' id='word_1_62' title='bbox 488 991 643 1056; x_wconf 80' lang='lat' dir='ltr'><strong>Kalendas</strong></span> <span class='ocrx_word' id='word_1_63' title='bbox 658 991 679 1054; x_wconf 90' lang='lat' dir='ltr'>J</span> <span class='ocrx_word' id='word_1_64' title='bbox 682 993 766 1072; x_wconf 87' lang='lat' dir='ltr'><strong>ulias,</strong></span> <span class='ocrx_word' id='word_1_65' title='bbox 778 992 887 1057; x_wconf 72' lang='lat' dir='ltr'><strong>serenti</strong></span> <span class='ocrx_word' id='word_1_66' title='bbox 901 994 971 1056; x_wconf 91' lang='lat' dir='ltr'><strong>luce</strong></span> <span class='ocrx_word' id='word_1_67' title='bbox 980 995 1116 1078; x_wconf 89' lang='lat' dir='ltr'><strong>spatium</strong></span> 
     </span>
     <span class='ocr_line' id='line_1_10' title="bbox 110 1079 1120 1166; baseline 0 -22"><span class='ocrx_word' id='word_1_68' title='bbox 110 1101 213 1158; x_wconf 86' lang='lat' dir='ltr'><strong>omne,</strong></span> <span class='ocrx_word' id='word_1_69' title='bbox 229 1079 309 1166; x_wconf 93' lang='lat' dir='ltr'><strong>quod</strong></span> <span class='ocrx_word' id='word_1_70' title='bbox 331 1079 447 1164; x_wconf 89' lang='lat' dir='ltr'><strong>templo</strong></span> <span class='ocrx_word' id='word_1_71' title='bbox 469 1079 632 1154; x_wconf 87' lang='lat' dir='ltr'><strong>dicabatur,</strong></span> <span class='ocrx_word' id='word_1_72' title='bbox 650 1081 803 1144; x_wconf 89' lang='lat' dir='ltr'><strong>evinctum</strong></span> <span class='ocrx_word' id='word_1_73' title='bbox 821 1080 901 1144; x_wconf 84' lang='lat' dir='ltr'><strong>vittis</strong></span> <span class='ocrx_word' id='word_1_74' title='bbox 922 1081 1120 1166; x_wconf 78' lang='lat' dir='ltr'><strong>coronisque.</strong></span> 
     </span>
     <span class='ocr_line' id='line_1_11' title="bbox 110 1163 1121 1251; baseline 0 -21"><span class='ocrx_word' id='word_1_75' title='bbox 110 1163 240 1250; x_wconf 84' lang='lat' dir='ltr'><strong>Ingressi</strong></span> <span class='ocrx_word' id='word_1_76' title='bbox 258 1166 376 1243; x_wconf 81' lang='lat' dir='ltr'><strong>milites,</strong></span> <span class='ocrx_word' id='word_1_77' title='bbox 400 1163 465 1251; x_wconf 81' lang='lat' dir='ltr'><strong>quis</strong></span> <span class='ocrx_word' id='word_1_78' title='bbox 489 1163 585 1229; x_wconf 86' lang='lat' dir='ltr'><strong>fausta</strong></span> <span class='ocrx_word' id='word_1_79' title='bbox 606 1168 739 1245; x_wconf 85' lang='lat' dir='ltr'><strong>nomina,</strong></span> <span class='ocrx_word' id='word_1_80' title='bbox 760 1166 895 1232; x_wconf 90' lang='lat' dir='ltr'><strong>felicibus</strong></span> <span class='ocrx_word' id='word_1_81' title='bbox 910 1168 1020 1230; x_wconf 89' lang='lat' dir='ltr'><strong>ramis:</strong></span> <span class='ocrx_word' id='word_1_82' title='bbox 1045 1168 1121 1230; x_wconf 88' lang='lat' dir='ltr'><strong>dein</strong></span> 
     </span>
     <span class='ocr_line' id='line_1_12' title="bbox 110 1252 1121 1339; baseline 0.002 -23"><span class='ocrx_word' id='word_1_83' title='bbox 110 1254 241 1338; x_wconf 83' lang='lat' dir='ltr'><strong>virgines</strong></span> <span class='ocrx_word' id='word_1_84' title='bbox 251 1252 403 1330; x_wconf 87' lang='lat' dir='ltr'><strong>Vestales,</strong></span> <span class='ocrx_word' id='word_1_85' title='bbox 418 1273 488 1316; x_wconf 93' lang='lat' dir='ltr'><strong>cum</strong></span> <span class='ocrx_word' id='word_1_86' title='bbox 506 1253 606 1336; x_wconf 91' lang='lat' dir='ltr'><strong>pueris</strong></span> <span class='ocrx_word' id='word_1_87' title='bbox 621 1254 789 1339; x_wconf 87' lang='lat' dir='ltr'><strong>puellisque</strong></span> <span class='ocrx_word' id='word_1_88' title='bbox 805 1255 937 1339; x_wconf 84' lang='lat' dir='ltr'><strong>patrimis</strong></span> <span class='ocrx_word' id='word_1_89' title='bbox 953 1254 1121 1318; x_wconf 85' lang='lat' dir='ltr'><strong>matrimis-</strong></span> 
     </span>
    </p>

    <p class='ocr_par' dir='ltr' id='par_1_4' title="bbox 101 1337 1206 3846">
     <span class='ocr_line' id='line_1_13' title="bbox 133 1337 1120 1426; baseline 0.002 -24"><span class='ocrx_word' id='word_1_90' title='bbox 133 1362 215 1418; x_wconf 90' lang='lat' dir='ltr'><strong>ue,a</strong></span> <span class='ocrx_word' id='word_1_91' title='bbox 238 1339 288 1418; x_wconf 74' lang='lat' dir='ltr'><strong>nai,</strong></span> <span class='ocrx_word' id='word_1_92' title='bbox 305 1340 380 1403; x_wconf 88' lang='lat' dir='ltr'><strong>vivis</strong></span> <span class='ocrx_word' id='word_1_93' title='bbox 402 1361 420 1402; x_wconf 91' lang='lat' dir='ltr'><strong>e</strong></span> <span class='ocrx_word' id='word_1_94' title='bbox 439 1337 583 1402; x_wconf 87' lang='lat' dir='ltr'><strong>frontibus</strong></span> <span class='ocrx_word' id='word_1_95' title='bbox 605 1341 803 1426; x_wconf 85' lang='lat' dir='ltr'><strong>amnibusque</strong></span> <span class='ocrx_word' id='word_1_96' title='bbox 826 1339 943 1418; x_wconf 67' lang='lat' dir='ltr'><strong>hausti,</strong></span> <span class='ocrx_word' id='word_1_97' title='bbox 960 1341 1120 1426; x_wconf 69' lang='lat' dir='ltr'><strong>perluere.</strong></span> 
     </span>
     <span class='ocr_line' id='line_1_14' title="bbox 110 1361 1206 1511; baseline 0.003 -21"><span class='ocrx_word' id='word_1_98' title='bbox 110 1361 194 1490; x_wconf 53' lang='lat' dir='ltr'><strong>i&#39;urn</strong></span> <span class='ocrx_word' id='word_1_99' title='bbox 211 1363 370 1492; x_wconf 72' lang='lat' dir='ltr'><strong>delvidius</strong></span> <span class='ocrx_word' id='word_1_100' title='bbox 386 1425 519 1503; x_wconf 86' lang='lat' dir='ltr'><strong>Priscus,</strong></span> <span class='ocrx_word' id='word_1_101' title='bbox 532 1425 658 1504; x_wconf 85' lang='lat' dir='ltr'><strong>Praetor,</strong></span> <span class='ocrx_word' id='word_1_102' title='bbox 676 1442 827 1511; x_wconf 80' lang='lat' dir='ltr'><strong>preeunte</strong></span> <span class='ocrx_word' id='word_1_103' title='bbox 842 1427 964 1492; x_wconf 87' lang='lat' dir='ltr'><strong>Plautio</strong></span> <span class='ocrx_word' id='word_1_104' title='bbox 978 1427 1120 1506; x_wconf 84' lang='lat' dir='ltr'><strong>AEliau0,</strong></span> <span class='ocrx_word' id='word_1_105' title='bbox 1205 1435 1206 1440; x_wconf 74' lang='grc'>’</span> 
     </span>
     <span class='ocr_line' id='line_1_15' title="bbox 110 1511 1121 1599; baseline 0 -21"><span class='ocrx_word' id='word_1_106' title='bbox 110 1512 272 1593; x_wconf 88' lang='lat' dir='ltr'><strong>Pontifice,</strong></span> <span class='ocrx_word' id='word_1_107' title='bbox 288 1511 413 1578; x_wconf 69' lang='lat' dir='ltr'><strong>lustrati</strong></span> <span class='ocrx_word' id='word_1_108' title='bbox 434 1513 685 1577; x_wconf 89' lang='lat' dir='ltr'><strong>suovetaurilibus</strong></span> <span class='ocrx_word' id='word_1_109' title='bbox 707 1514 779 1577; x_wconf 71' lang='lat' dir='ltr'><strong>ared</strong></span> <span class='ocrx_word' id='word_1_110' title='bbox 798 1528 829 1578; x_wconf 93' lang='lat' dir='ltr'><strong>et</strong></span> <span class='ocrx_word' id='word_1_111' title='bbox 851 1536 944 1598; x_wconf 89' lang='lat' dir='ltr'><strong>super</strong></span> <span class='ocrx_word' id='word_1_112' title='bbox 964 1516 1121 1599; x_wconf 85' lang='lat' dir='ltr'><strong>cespitem</strong></span> 
     </span>
     <span class='ocr_line' id='line_1_16' title="bbox 109 1598 1122 1687; baseline -0.003 -20"><span class='ocrx_word' id='word_1_113' title='bbox 109 1601 234 1668; x_wconf 84' lang='lat' dir='ltr'><strong>redditis</strong></span> <span class='ocrx_word' id='word_1_114' title='bbox 257 1602 347 1678; x_wconf 86' lang='lat' dir='ltr'><strong>extis,</strong></span> <span class='ocrx_word' id='word_1_115' title='bbox 363 1599 505 1677; x_wconf 68' lang='lat' dir='ltr'><strong>‘lovem</strong></span> <span class='ocrx_word' id='word_1_116' title='bbox 529 1598 694 1678; x_wconf 85' lang='lat' dir='ltr'><strong>Juncnern,</strong></span> <span class='ocrx_word' id='word_1_117' title='bbox 720 1601 891 1665; x_wconf 89' lang='lat' dir='ltr'><strong>Minervam</strong></span> <span class='ocrx_word' id='word_1_118' title='bbox 912 1601 1122 1687; x_wconf 83' lang='lat' dir='ltr'><strong>praesidesque</strong></span> 
     </span>
     <span class='ocr_line' id='line_1_17' title="bbox 109 1685 1121 1773; baseline -0.001 -21"><span class='ocrx_word' id='word_1_119' title='bbox 109 1685 233 1772; x_wconf 89' lang='lat' dir='ltr'><strong>Imperii</strong></span> <span class='ocrx_word' id='word_1_120' title='bbox 248 1687 344 1752; x_wconf 91' lang='lat' dir='ltr'><strong>Deos’</strong></span> <span class='ocrx_word' id='word_1_121' title='bbox 362 1700 512 1770; x_wconf 88' lang='lat' dir='ltr'><strong>precatus,</strong></span> <span class='ocrx_word' id='word_1_122' title='bbox 529 1687 592 1750; x_wconf 89' lang='lat' dir='ltr'><strong>‘uti</strong></span> <span class='ocrx_word' id='word_1_123' title='bbox 607 1702 710 1771; x_wconf 87' lang='lat' dir='ltr'><strong>coepta</strong></span> <span class='ocrx_word' id='word_1_124' title='bbox 728 1701 948 1772; x_wconf 84' lang='lat' dir='ltr'><strong>prosperarent,</strong></span> <span class='ocrx_word' id='word_1_125' title='bbox 963 1687 1121 1773; x_wconf 86' lang='lat' dir='ltr'><strong>sedesque</strong></span> 
     </span>
     <span class='ocr_line' id='line_1_18' title="bbox 109 1773 1121 1860; baseline 0 -22"><span class='ocrx_word' id='word_1_126' title='bbox 109 1795 190 1852; x_wconf 86' lang='lat' dir='ltr'><strong>suas,</strong></span> <span class='ocrx_word' id='word_1_127' title='bbox 208 1775 321 1859; x_wconf 88' lang='lat' dir='ltr'><strong>pietate</strong></span> <span class='ocrx_word' id='word_1_128' title='bbox 342 1774 497 1838; x_wconf 90' lang='lat' dir='ltr'><strong>hominum</strong></span> <span class='ocrx_word' id='word_1_129' title='bbox 514 1773 679 1850; x_wconf 85' lang='lat' dir='ltr'><strong>inchoatas,</strong></span> <span class='ocrx_word' id='word_1_130' title='bbox 701 1775 804 1838; x_wconf 70' lang='lat' dir='ltr'><strong>divinia</strong></span> <span class='ocrx_word' id='word_1_131' title='bbox 825 1797 885 1860; x_wconf 91' lang='lat' dir='ltr'><strong>ope</strong></span> <span class='ocrx_word' id='word_1_132' title='bbox 907 1774 1089 1838; x_wconf 87' lang='lat' dir='ltr'><strong>attollerent</strong></span> <span class='ocrx_word' id='word_1_133' title='bbox 1101 1773 1121 1852; x_wconf 90' lang='lat'><strong>;&#39;</strong></span> 
     </span>
     <span class='ocr_line' id='line_1_19' title="bbox 109 1859 1121 1946; baseline 0.003 -24"><span class='ocrx_word' id='word_1_134' title='bbox 109 1861 210 1939; x_wconf 87' lang='lat' dir='ltr'><strong>vittas,</strong></span> <span class='ocrx_word' id='word_1_135' title='bbox 234 1859 300 1940; x_wconf 85' lang='lat' dir='ltr'><strong>quis</strong></span> <span class='ocrx_word' id='word_1_136' title='bbox 323 1859 431 1942; x_wconf 86' lang='lat' dir='ltr'><strong>ligatus</strong></span> <span class='ocrx_word' id='word_1_137' title='bbox 453 1860 540 1944; x_wconf 89' lang='lat' dir='ltr'><strong>lapis,</strong></span> <span class='ocrx_word' id='word_1_138' title='bbox 564 1861 728 1946; x_wconf 87' lang='lat' dir='ltr'><strong>innexique</strong></span> <span class='ocrx_word' id='word_1_139' title='bbox 749 1861 835 1926; x_wconf 90' lang='lat' dir='ltr'><strong>funes</strong></span> <span class='ocrx_word' id='word_1_140' title='bbox 858 1875 954 1939; x_wconf 88' lang='lat' dir='ltr'><strong>erant,</strong></span> <span class='ocrx_word' id='word_1_141' title='bbox 976 1862 1121 1946; x_wconf 81' lang='lat' dir='ltr'><strong>contigit.</strong></span> 
     </span>
     <span class='ocr_line' id='line_1_20' title="bbox 110 1945 1122 2034; baseline 0 -24"><span class='ocrx_word' id='word_1_142' title='bbox 110 1945 207 2010; x_wconf 90' lang='lat' dir='ltr'><strong>Simul</strong></span> <span class='ocrx_word' id='word_1_143' title='bbox 222 1946 314 2010; x_wconf 87' lang='lat' dir='ltr'><strong>ceteri</strong></span> <span class='ocrx_word' id='word_1_144' title='bbox 327 1946 521 2030; x_wconf 88' lang='lat' dir='ltr'><strong>Magistratus</strong></span> <span class='ocrx_word' id='word_1_145' title='bbox 536 1961 568 2010; x_wconf 88' lang='lat' dir='ltr'><strong>et</strong></span> <span class='ocrx_word' id='word_1_146' title='bbox 580 1947 761 2012; x_wconf 90' lang='lat' dir='ltr'><strong>Sacerdotes</strong></span> <span class='ocrx_word' id='word_1_147' title='bbox 776 1965 806 2014; x_wconf 89' lang='lat' dir='ltr'><strong>et</strong></span> <span class='ocrx_word' id='word_1_148' title='bbox 822 1947 951 2012; x_wconf 88' lang='lat' dir='ltr'><strong>Senatus</strong></span> <span class='ocrx_word' id='word_1_149' title='bbox 962 1961 994 2010; x_wconf 89' lang='lat' dir='ltr'><strong>et</strong></span> <span class='ocrx_word' id='word_1_150' title='bbox 1006 1947 1122 2034; x_wconf 87' lang='lat' dir='ltr'><strong>Eques</strong></span> 
     </span>
     <span class='ocr_line' id='line_1_21' title="bbox 110 2033 1122 2121; baseline 0.002 -25"><span class='ocrx_word' id='word_1_151' title='bbox 110 2045 142 2098; x_wconf 88' lang='lat' dir='ltr'><strong>et</strong></span> <span class='ocrx_word' id='word_1_152' title='bbox 157 2053 267 2116; x_wconf 80' lang='lat' dir='ltr'><strong>magua</strong></span> <span class='ocrx_word' id='word_1_153' title='bbox 283 2053 350 2117; x_wconf 87' lang='lat' dir='ltr'><strong>pars</strong></span> <span class='ocrx_word' id='word_1_154' title='bbox 366 2034 480 2118; x_wconf 93' lang='lat' dir='ltr'><strong>populi,</strong></span> <span class='ocrx_word' id='word_1_155' title='bbox 496 2034 596 2098; x_wconf 90' lang='lat' dir='ltr'><strong>studio</strong></span> <span class='ocrx_word' id='word_1_156' title='bbox 612 2033 773 2121; x_wconf 74' lang='lat' dir='ltr'><strong>laetitidque</strong></span> <span class='ocrx_word' id='word_1_157' title='bbox 795 2035 929 2113; x_wconf 84' lang='lat' dir='ltr'><strong>connixi,</strong></span> <span class='ocrx_word' id='word_1_158' title='bbox 945 2055 1059 2098; x_wconf 84' lang='lat' dir='ltr'><strong>saxum</strong></span> <span class='ocrx_word' id='word_1_159' title='bbox 1077 2035 1122 2098; x_wconf 88' lang='lat' dir='ltr'><strong>in·</strong></span> 
     </span>
     <span class='ocr_line' id='line_1_22' title="bbox 109 2118 1206 2205; baseline 0.004 -21"><span class='ocrx_word' id='word_1_160' title='bbox 109 2140 185 2202; x_wconf 81' lang='lat' dir='ltr'><strong>gens</strong></span> <span class='ocrx_word' id='word_1_161' title='bbox 201 2118 338 2184; x_wconf 68' lang='lat' dir='ltr'><strong>traxere:</strong></span> <span class='ocrx_word' id='word_1_162' title='bbox 362 2121 533 2205; x_wconf 87' lang='lat' dir='ltr'><strong>passimque</strong></span> <span class='ocrx_word' id='word_1_163' title='bbox 556 2119 671 2203; x_wconf 87' lang='lat' dir='ltr'><strong>injectae</strong></span> <span class='ocrx_word' id='word_1_164' title='bbox 695 2121 897 2184; x_wconf 80' lang='lat' dir='ltr'><strong>fundamentis</strong></span> <span class='ocrx_word' id='word_1_165' title='bbox 924 2121 1043 2202; x_wconf 84' lang='lat' dir='ltr'><strong>argenti</strong></span> <span class='ocrx_word' id='word_1_166' title='bbox 1068 2143 1123 2184; x_wconf 92' lang='lat' dir='ltr'><strong>au·</strong></span> <span class='ocrx_word' id='word_1_167' title='bbox 1205 2173 1206 2188; x_wconf 71' lang='lat'><strong>.</strong></span> 
     </span>
     <span class='ocr_line' id='line_1_23' title="bbox 108 2201 1206 2292; baseline 0 -22"><span class='ocrx_word' id='word_1_168' title='bbox 108 2207 194 2292; x_wconf 88' lang='lat' dir='ltr'><strong>rique</strong></span> <span class='ocrx_word' id='word_1_169' title='bbox 209 2207 302 2290; x_wconf 90' lang='lat' dir='ltr'><strong>stipes</strong></span> <span class='ocrx_word' id='word_1_170' title='bbox 317 2219 349 2268; x_wconf 88' lang='lat' dir='ltr'><strong>et</strong></span> <span class='ocrx_word' id='word_1_171' title='bbox 365 2205 553 2268; x_wconf 88' lang='lat' dir='ltr'><strong>metallorum</strong></span> <span class='ocrx_word' id='word_1_172' title='bbox 572 2205 717 2288; x_wconf 76' lang='lat' dir='ltr'><strong>primitie,</strong></span> <span class='ocrx_word' id='word_1_173' title='bbox 728 2207 816 2270; x_wconf 89' lang='lat' dir='ltr'><strong>nullis</strong></span> <span class='ocrx_word' id='word_1_174' title='bbox 832 2206 1000 2270; x_wconf 82' lang='lat' dir='ltr'><strong>fornacibus</strong></span> <span class='ocrx_word' id='word_1_175' title='bbox 1017 2207 1120 2284; x_wconf 79' lang='lat' dir='ltr'><strong>victe,</strong></span> <span class='ocrx_word' id='word_1_176' title='bbox 1205 2201 1206 2208; x_wconf 9' lang='grc' dir='ltr'>ἵ</span> 
     </span>
     <span class='ocr_line' id='line_1_24' title="bbox 110 2289 1122 2376; baseline -0.005 -15"><span class='ocrx_word' id='word_1_177' title='bbox 110 2293 165 2361; x_wconf 85' lang='lat' dir='ltr'><strong>sad</strong></span> <span class='ocrx_word' id='word_1_178' title='bbox 180 2307 214 2358; x_wconf 86' lang='lat' dir='ltr'><strong>ut</strong></span> <span class='ocrx_word' id='word_1_179' title='bbox 229 2293 401 2375; x_wconf 82' lang='lat' dir='ltr'><strong>gignuntur.</strong></span> <span class='ocrx_word' id='word_1_180' title='bbox 447 2291 622 2356; x_wconf 75' lang='lat' dir='ltr'><strong>Praedixdre</strong></span> <span class='ocrx_word' id='word_1_181' title='bbox 646 2289 843 2376; x_wconf 89' lang='lat' dir='ltr'><strong>Haruspices,</strong></span> <span class='ocrx_word' id='word_1_182' title='bbox 858 2314 897 2355; x_wconf 91' lang='lat' dir='ltr'><strong>ne</strong></span> <span class='ocrx_word' id='word_1_183' title='bbox 916 2306 1122 2356; x_wconf 78' lang='lat' dir='ltr'><strong>temeraretur</strong></span> 
     </span>
     <span class='ocr_line' id='line_1_25' title="bbox 109 2377 1122 2464; baseline -0.003 -21"><span class='ocrx_word' id='word_1_184' title='bbox 109 2400 187 2464; x_wconf 88' lang='lat' dir='ltr'><strong>opus</strong></span> <span class='ocrx_word' id='word_1_185' title='bbox 203 2400 278 2442; x_wconf 83' lang='lat' dir='ltr'><strong>saxo</strong></span> <span class='ocrx_word' id='word_1_186' title='bbox 294 2399 416 2454; x_wconf 84' lang='lat' dir='ltr'><strong>aurore,</strong></span> <span class='ocrx_word' id='word_1_187' title='bbox 427 2377 455 2440; x_wconf 91' lang='lat' dir='ltr'><strong>iu</strong></span> <span class='ocrx_word' id='word_1_188' title='bbox 473 2377 553 2440; x_wconf 92' lang='lat' dir='ltr'><strong>aliud</strong></span> <span class='ocrx_word' id='word_1_189' title='bbox 570 2377 728 2441; x_wconf 89' lang='lat' dir='ltr'><strong>destinato.</strong></span> <span class='ocrx_word' id='word_1_190' title='bbox 774 2379 912 2442; x_wconf 85' lang='lat' dir='ltr'><strong>Altitudo</strong></span> <span class='ocrx_word' id='word_1_191' title='bbox 928 2378 1049 2441; x_wconf 75' lang='lat' dir='ltr'><strong>sedibus</strong></span> <span class='ocrx_word' id='word_1_192' title='bbox 1067 2379 1122 2442; x_wconf 72' lang='lat' dir='ltr'><strong>ad-</strong></span> 
     </span>
     <span class='ocr_line' id='line_1_26' title="bbox 106 2463 1121 2551; baseline -0.002 -21"><span class='ocrx_word' id='word_1_193' title='bbox 106 2466 202 2551; x_wconf 88' lang='lat' dir='ltr'><strong>jecta.</strong></span> <span class='ocrx_word' id='word_1_194' title='bbox 248 2463 284 2527; x_wconf 93' lang='lat' dir='ltr'><strong>ld</strong></span> <span class='ocrx_word' id='word_1_195' title='bbox 301 2463 398 2528; x_wconf 91' lang='lat' dir='ltr'><strong>solum</strong></span> <span class='ocrx_word' id='word_1_196' title='bbox 414 2464 520 2545; x_wconf 81' lang='lat' dir='ltr'><strong>religio</strong></span> <span class='ocrx_word' id='word_1_197' title='bbox 535 2485 688 2528; x_wconf 89' lang='lat' dir='ltr'><strong>annuere:</strong></span> <span class='ocrx_word' id='word_1_198' title='bbox 712 2478 744 2527; x_wconf 88' lang='lat' dir='ltr'><strong>et</strong></span> <span class='ocrx_word' id='word_1_199' title='bbox 759 2465 866 2548; x_wconf 90' lang='lat' dir='ltr'><strong>prioris</strong></span> <span class='ocrx_word' id='word_1_200' title='bbox 877 2463 983 2548; x_wconf 88' lang='lat' dir='ltr'><strong>templi</strong></span> <span class='ocrx_word' id='word_1_201' title='bbox 999 2466 1121 2548; x_wconf 85' lang='lat' dir='ltr'><strong>magni-</strong></span> 
     </span>
     <span class='ocr_line' id='line_1_27' title="bbox 109 2549 557 2624; baseline -0.02 -4"><span class='ocrx_word' id='word_1_202' title='bbox 109 2551 235 2624; x_wconf 81' lang='lat' dir='ltr'><strong>ficenriae</strong></span> <span class='ocrx_word' id='word_1_203' title='bbox 251 2549 382 2614; x_wconf 83' lang='lat' dir='ltr'><strong>defuisse</strong></span> <span class='ocrx_word' id='word_1_204' title='bbox 396 2551 557 2613; x_wconf 88' lang='lat' dir='ltr'><strong>creditum.</strong></span> 
     </span>
     <span class='ocr_line' id='line_1_28' title="bbox 101 2635 1119 2720; baseline -0.002 -18"><span class='ocrx_word' id='word_1_205' title='bbox 101 2639 103 2642; x_wconf 74' lang='grc'><strong>’</strong></span> <span class='ocrx_word' id='word_1_206' title='bbox 154 2635 244 2702; x_wconf 91' lang='lat' dir='ltr'><strong>LIV.</strong></span> <span class='ocrx_word' id='word_1_207' title='bbox 269 2636 384 2700; x_wconf 80' lang='lat' dir='ltr'><strong>Audito</strong></span> <span class='ocrx_word' id='word_1_208' title='bbox 410 2636 527 2700; x_wconf 91' lang='lat' dir='ltr'><strong>interim</strong></span> <span class='ocrx_word' id='word_1_209' title='bbox 554 2657 608 2720; x_wconf 88' lang='lat' dir='ltr'><strong>per</strong></span> <span class='ocrx_word' id='word_1_210' title='bbox 631 2635 745 2700; x_wconf 86' lang='lat' dir='ltr'><strong>Gallias</strong></span> <span class='ocrx_word' id='word_1_211' title='bbox 770 2636 1010 2719; x_wconf 89' lang='lat' dir='ltr'><strong>Germaniasque</strong></span> <span class='ocrx_word' id='word_1_212' title='bbox 1033 2658 1119 2700; x_wconf 88' lang='lat' dir='ltr'><strong>mors</strong></span> 
     </span>
     <span class='ocr_line' id='line_1_29' title="bbox 110 2721 1120 2808; baseline 0 -22"><span class='ocrx_word' id='word_1_213' title='bbox 110 2723 225 2790; x_wconf 89' lang='lat' dir='ltr'><strong>Vitellii</strong></span> <span class='ocrx_word' id='word_1_214' title='bbox 241 2723 448 2808; x_wconf 86' lang='lat' dir='ltr'><strong>duplicaverat</strong></span> <span class='ocrx_word' id='word_1_215' title='bbox 471 2722 595 2786; x_wconf 86' lang='lat' dir='ltr'><strong>bellum.</strong></span> <span class='ocrx_word' id='word_1_216' title='bbox 642 2721 722 2786; x_wconf 89' lang='lat' dir='ltr'><strong>Nam</strong></span> <span class='ocrx_word' id='word_1_217' title='bbox 748 2722 866 2802; x_wconf 88' lang='lat' dir='ltr'><strong>Civilis,</strong></span> <span class='ocrx_word' id='word_1_218' title='bbox 891 2721 1004 2786; x_wconf 67' lang='lat' dir='ltr'><strong>omissa</strong></span> <span class='ocrx_word' id='word_1_219' title='bbox 1030 2723 1120 2786; x_wconf 90' lang='lat' dir='ltr'><strong>dissi·</strong></span> 
     </span>
     <span class='ocr_line' id='line_1_30' title="bbox 111 2807 1118 2894; baseline -0.008 -14"><span class='ocrx_word' id='word_1_220' title='bbox 111 2811 287 2888; x_wconf 87' lang='lat' dir='ltr'><strong>mulationo,</strong></span> <span class='ocrx_word' id='word_1_221' title='bbox 303 2811 333 2874; x_wconf 89' lang='lat' dir='ltr'><strong>iu</strong></span> <span class='ocrx_word' id='word_1_222' title='bbox 357 2809 511 2894; x_wconf 91' lang='lat' dir='ltr'><strong>Populum</strong></span> <span class='ocrx_word' id='word_1_223' title='bbox 535 2808 710 2872; x_wconf 88' lang='lat' dir='ltr'><strong>Romanum</strong></span> <span class='ocrx_word' id='word_1_224' title='bbox 734 2830 833 2872; x_wconf 89' lang='lat' dir='ltr'><strong>ruere.</strong></span> <span class='ocrx_word' id='word_1_225' title='bbox 880 2807 1053 2874; x_wconf 82' lang='lat' dir='ltr'><strong>Vitellianae</strong></span> <span class='ocrx_word' id='word_1_226' title='bbox 1073 2811 1118 2873; x_wconf 86' lang='lat' dir='ltr'><strong>le·</strong></span> 
     </span>
     <span class='ocr_line' id='line_1_31' title="bbox 111 2893 1119 2984; baseline -0.003 -22"><span class='ocrx_word' id='word_1_227' title='bbox 111 2900 216 2984; x_wconf 81' lang='lat' dir='ltr'><strong>giones</strong></span> <span class='ocrx_word' id='word_1_228' title='bbox 233 2899 281 2962; x_wconf 83' lang='lat' dir='ltr'><strong>rel</strong></span> <span class='ocrx_word' id='word_1_229' title='bbox 297 2910 457 2962; x_wconf 86' lang='lat' dir='ltr'><strong>externum</strong></span> <span class='ocrx_word' id='word_1_230' title='bbox 473 2896 638 2971; x_wconf 88' lang='lat' dir='ltr'><strong>servitium,</strong></span> <span class='ocrx_word' id='word_1_231' title='bbox 656 2895 745 2981; x_wconf 76' lang='lat' dir='ltr'><strong>qulam</strong></span> <span class='ocrx_word' id='word_1_232' title='bbox 761 2895 979 2979; x_wconf 87' lang='lat' dir='ltr'><strong>Imperatorem</strong></span> <span class='ocrx_word' id='word_1_233' title='bbox 994 2893 1119 2981; x_wconf 87' lang='lat' dir='ltr'><strong>Vespa·</strong></span> 
     </span>
     <span class='ocr_line' id='line_1_32' title="bbox 110 2982 1117 3068; baseline -0.006 -16"><span class='ocrx_word' id='word_1_234' title='bbox 110 2988 238 3063; x_wconf 84' lang='lat' dir='ltr'><strong>sianum,</strong></span> <span class='ocrx_word' id='word_1_235' title='bbox 254 2983 356 3048; x_wconf 90' lang='lat' dir='ltr'><strong>malle.</strong></span> <span class='ocrx_word' id='word_1_236' title='bbox 402 2982 482 3067; x_wconf 87' lang='lat' dir='ltr'><strong>Galli</strong></span> <span class='ocrx_word' id='word_1_237' title='bbox 505 2982 686 3046; x_wconf 86' lang='lat' dir='ltr'><strong>sustulerant</strong></span> <span class='ocrx_word' id='word_1_238' title='bbox 708 2983 834 3060; x_wconf 89' lang='lat' dir='ltr'><strong>animos,</strong></span> <span class='ocrx_word' id='word_1_239' title='bbox 849 2982 978 3044; x_wconf 87' lang='lat' dir='ltr'><strong>eandem</strong></span> <span class='ocrx_word' id='word_1_240' title='bbox 1003 2983 1117 3068; x_wconf 90' lang='lat' dir='ltr'><strong>ubique</strong></span> 
     </span>
     <span class='ocr_line' id='line_1_33' title="bbox 112 3068 1117 3150; baseline -0.008 -11"><span class='ocrx_word' id='word_1_241' title='bbox 112 3074 300 3139; x_wconf 86' lang='lat' dir='ltr'><strong>exercituum</strong></span> <span class='ocrx_word' id='word_1_242' title='bbox 320 3085 489 3136; x_wconf 89' lang='lat' dir='ltr'><strong>nostrorum</strong></span> <span class='ocrx_word' id='word_1_243' title='bbox 514 3068 661 3132; x_wconf 89' lang='lat' dir='ltr'><strong>fortunam</strong></span> <span class='ocrx_word' id='word_1_244' title='bbox 679 3069 751 3131; x_wconf 88' lang='lat' dir='ltr'><strong>rati:</strong></span> <span class='ocrx_word' id='word_1_245' title='bbox 774 3069 896 3150; x_wconf 86' lang='lat' dir='ltr'><strong>vulgato</strong></span> <span class='ocrx_word' id='word_1_246' title='bbox 918 3089 1052 3146; x_wconf 89' lang='lat' dir='ltr'><strong>rumore,</strong></span> <span class='ocrx_word' id='word_1_247' title='bbox 1077 3075 1117 3131; x_wconf 86' lang='lat' dir='ltr'><strong>‘a</strong></span> 
     </span>
     <span class='ocr_line' id='line_1_34' title="bbox 112 3155 1206 3248; baseline -0.007 -22"><span class='ocrx_word' id='word_1_248' title='bbox 112 3159 258 3226; x_wconf 87' lang='lat' dir='ltr'><strong>Sarmatis</strong></span> <span class='ocrx_word' id='word_1_249' title='bbox 273 3159 429 3243; x_wconf 89' lang='lat' dir='ltr'><strong>Dacisque</strong></span> <span class='ocrx_word' id='word_1_250' title='bbox 445 3156 574 3220; x_wconf 86' lang='lat' dir='ltr'><strong>Moesice</strong></span> <span class='ocrx_word' id='word_1_251' title='bbox 590 3177 625 3218; x_wconf 92' lang='lat' dir='ltr'><strong>ac</strong></span> <span class='ocrx_word' id='word_1_252' title='bbox 641 3155 817 3218; x_wconf 88' lang='lat' dir='ltr'><strong>Pannonica</strong></span> <span class='ocrx_word' id='word_1_253' title='bbox 833 3155 969 3238; x_wconf 83' lang='lat' dir='ltr'><strong>hyberna</strong></span> <span class='ocrx_word' id='word_1_254' title='bbox 984 3156 1116 3219; x_wconf 88' lang='lat' dir='ltr'><strong>circum·</strong></span> <span class='ocrx_word' id='word_1_255' title='bbox 1205 3191 1206 3248; x_wconf 56' lang='lat' dir='ltr'><strong>p</strong></span> 
     </span>
     <span class='ocr_line' id='line_1_35' title="bbox 111 3241 1114 3330; baseline -0.006 -20"><span class='ocrx_word' id='word_1_256' title='bbox 111 3245 233 3310; x_wconf 81' lang='lat' dir='ltr'><strong>siderir&#39;</strong></span> <span class='ocrx_word' id='word_1_257' title='bbox 258 3246 338 3330; x_wconf 92' lang='lat' dir='ltr'><strong>paria</strong></span> <span class='ocrx_word' id='word_1_258' title='bbox 361 3245 399 3308; x_wconf 92' lang='lat' dir='ltr'><strong>de</strong></span> <span class='ocrx_word' id='word_1_259' title='bbox 421 3241 580 3307; x_wconf 75' lang='lat' dir='ltr'><strong>Britannial</strong></span> <span class='ocrx_word' id='word_1_260' title='bbox 602 3242 799 3324; x_wconf 85' lang='lat' dir='ltr'><strong>fingebantur.</strong></span> <span class='ocrx_word' id='word_1_261' title='bbox 845 3241 906 3304; x_wconf 87' lang='lat' dir='ltr'><strong>Sed</strong></span> <span class='ocrx_word' id='word_1_262' title='bbox 927 3242 1000 3304; x_wconf 91' lang='lat' dir='ltr'><strong>nihil</strong></span> <span class='ocrx_word' id='word_1_263' title='bbox 1017 3241 1114 3327; x_wconf 78' lang='lat' dir='ltr'><strong>aeque,</strong></span> 
     </span>
     <span class='ocr_line' id='line_1_36' title="bbox 111 3327 1114 3419; baseline -0.006 -23"><span class='ocrx_word' id='word_1_264' title='bbox 111 3332 203 3419; x_wconf 73' lang='lat' dir='ltr'><strong>quern</strong></span> <span class='ocrx_word' id='word_1_265' title='bbox 229 3331 402 3396; x_wconf 87' lang='lat' dir='ltr'><strong>incendium</strong></span> <span class='ocrx_word' id='word_1_266' title='bbox 428 3329 572 3413; x_wconf 87' lang='lat' dir='ltr'><strong>capitolii,</strong></span> <span class='ocrx_word' id='word_1_267' title='bbox 596 3343 629 3392; x_wconf 91' lang='lat' dir='ltr'><strong>ut</strong></span> <span class='ocrx_word' id='word_1_268' title='bbox 651 3329 743 3391; x_wconf 89' lang='lat' dir='ltr'><strong>finem</strong></span> <span class='ocrx_word' id='word_1_269' title='bbox 759 3327 890 3413; x_wconf 88' lang='lat' dir='ltr'><strong>Imperio</strong></span> <span class='ocrx_word' id='word_1_270' title='bbox 912 3327 1020 3392; x_wconf 88' lang='lat' dir='ltr'><strong>adesse</strong></span> <span class='ocrx_word' id='word_1_271' title='bbox 1036 3348 1114 3411; x_wconf 60' lang='lat' dir='ltr'><strong>tcre·</strong></span> 
     </span>
     <span class='ocr_line' id='line_1_37' title="bbox 112 3413 1113 3498; baseline -0.005 -15"><span class='ocrx_word' id='word_1_272' title='bbox 112 3421 231 3495; x_wconf 83' lang='lat' dir='ltr'><strong>derent,</strong></span> <span class='ocrx_word' id='word_1_273' title='bbox 254 3416 425 3498; x_wconf 87' lang='lat' dir='ltr'><strong>impulerat.</strong></span> <span class='ocrx_word' id='word_1_274' title='bbox 472 3413 619 3498; x_wconf 89' lang='lat' dir='ltr'><strong>‘Captam</strong></span> <span class='ocrx_word' id='word_1_275' title='bbox 642 3415 713 3478; x_wconf 90' lang='lat' dir='ltr'><strong>olim</strong></span> <span class='ocrx_word' id='word_1_276' title='bbox 737 3437 754 3478; x_wconf 87' lang='lat' dir='ltr'><strong>a</strong></span> <span class='ocrx_word' id='word_1_277' title='bbox 781 3415 876 3479; x_wconf 90' lang='lat' dir='ltr'><strong>Gallis</strong></span> <span class='ocrx_word' id='word_1_278' title='bbox 898 3415 1026 3478; x_wconf 81' lang='lat' dir='ltr'><strong>urbema</strong></span> <span class='ocrx_word' id='word_1_279' title='bbox 1047 3414 1113 3492; x_wconf 89' lang='lat' dir='ltr'><strong>sed,</strong></span> 
     </span>
     <span class='ocr_line' id='line_1_38' title="bbox 113 3499 1113 3585; baseline -0.006 -15"><span class='ocrx_word' id='word_1_280' title='bbox 113 3503 232 3584; x_wconf 68' lang='lat' dir='ltr'><strong>integre</strong></span> <span class='ocrx_word' id='word_1_281' title='bbox 245 3503 330 3566; x_wconf 88' lang='lat' dir='ltr'><strong>Jovis</strong></span> <span class='ocrx_word' id='word_1_282' title='bbox 345 3503 430 3580; x_wconf 88' lang='lat' dir='ltr'><strong>sede,</strong></span> <span class='ocrx_word' id='word_1_283' title='bbox 448 3502 593 3565; x_wconf 83' lang='lat' dir='ltr'><strong>mansisse</strong></span> <span class='ocrx_word' id='word_1_284' title='bbox 609 3501 786 3585; x_wconf 88' lang='lat' dir='ltr'><strong>Imperium.</strong></span> <span class='ocrx_word' id='word_1_285' title='bbox 832 3499 930 3565; x_wconf 82' lang='lat' dir='ltr'><strong>Fatali</strong></span> <span class='ocrx_word' id='word_1_286' title='bbox 946 3521 1028 3565; x_wconf 89' lang='lat' dir='ltr'><strong>nuuc</strong></span> <span class='ocrx_word' id='word_1_287' title='bbox 1044 3501 1113 3584; x_wconf 81' lang='lat' dir='ltr'><strong>igne</strong></span> 
     </span>
     <span class='ocr_line' id='line_1_39' title="bbox 112 3587 1112 3673; baseline -0.006 -17"><span class='ocrx_word' id='word_1_288' title='bbox 112 3592 231 3673; x_wconf 85' lang='lat' dir='ltr'><strong>signum</strong></span> <span class='ocrx_word' id='word_1_289' title='bbox 247 3588 378 3652; x_wconf 85' lang='lat' dir='ltr'><strong>coelestis</strong></span> <span class='ocrx_word' id='word_1_290' title='bbox 394 3589 442 3654; x_wconf 79' lang='lat' dir='ltr'><strong>ire</strong></span> <span class='ocrx_word' id='word_1_291' title='bbox 459 3588 574 3666; x_wconf 87' lang='lat' dir='ltr'><strong>datum,</strong></span> <span class='ocrx_word' id='word_1_292' title='bbox 590 3603 622 3652; x_wconf 90' lang='lat' dir='ltr'><strong>et</strong></span> <span class='ocrx_word' id='word_1_293' title='bbox 638 3589 858 3672; x_wconf 87' lang='lat' dir='ltr'><strong>possessionem</strong></span> <span class='ocrx_word' id='word_1_294' title='bbox 880 3608 981 3650; x_wconf 89' lang='lat' dir='ltr'><strong>rerum</strong></span> <span class='ocrx_word' id='word_1_295' title='bbox 1005 3587 1112 3651; x_wconf 90' lang='lat' dir='ltr'><strong>huma-</strong></span> 
     </span>
     <span class='ocr_line' id='line_1_40' title="bbox 113 3671 1113 3759; baseline -0.009 -15"><span class='ocrx_word' id='word_1_296' title='bbox 113 3697 220 3744; x_wconf 88' lang='lat' dir='ltr'><strong>narum</strong></span> <span class='ocrx_word' id='word_1_297' title='bbox 242 3673 449 3759; x_wconf 88' lang='lat' dir='ltr'><strong>Transalpinis</strong></span> <span class='ocrx_word' id='word_1_298' title='bbox 472 3675 612 3756; x_wconf 83' lang='lat' dir='ltr'><strong>gentibus</strong></span> <span class='ocrx_word' id='word_1_299' title='bbox 634 3675 794 3758; x_wconf 88' lang='lat' dir='ltr'><strong>portendi,&#39;</strong></span> <span class='ocrx_word' id='word_1_300' title='bbox 810 3673 1020 3757; x_wconf 84' lang='lat' dir='ltr'><strong>superstitione</strong></span> <span class='ocrx_word' id='word_1_301' title='bbox 1036 3671 1113 3736; x_wconf 72' lang='lat' dir='ltr'><strong>vanai</strong></span> 
     </span>
     <span class='ocr_line' id='line_1_41' title="bbox 115 3757 1206 3846; baseline -0.005 -19"><span class='ocrx_word' id='word_1_302' title='bbox 115 3761 240 3827; x_wconf 76' lang='lat' dir='ltr'><strong>Druidae</strong></span> <span class='ocrx_word' id='word_1_303' title='bbox 262 3761 420 3826; x_wconf 85' lang='lat' dir='ltr'><strong>canebant.</strong></span> <span class='ocrx_word' id='word_1_304' title='bbox 466 3759 694 3846; x_wconf 87' lang='lat' dir='ltr'><strong>Incesseratque</strong></span> <span class='ocrx_word' id='word_1_305' title='bbox 719 3757 808 3839; x_wconf 89' lang='lat' dir='ltr'><strong>fama,</strong></span> <span class='ocrx_word' id='word_1_306' title='bbox 831 3759 976 3846; x_wconf 88' lang='lat' dir='ltr'><strong>primores</strong></span> <span class='ocrx_word' id='word_1_307' title='bbox 1000 3759 1111 3824; x_wconf 87' lang='lat' dir='ltr'><strong>Gallia·</strong></span> <span class='ocrx_word' id='word_1_308' title='bbox 1205 3765 1206 3768; x_wconf 75' lang='grc'>’</span> 
     </span>
    </p>
   </div>
   <div class='ocr_carea' id='block_1_3' title="bbox 0 0 1247 4316">
    <p class='ocr_par' dir='ltr' id='par_1_5' title="bbox 0 0 1247 4316">
     <span class='ocr_line' id='line_1_42' title="bbox 0 0 1247 4316; baseline 0 0"><span class='ocrx_word' id='word_1_309' title='bbox 0 0 1247 4316; x_wconf 95' lang='lat' dir='ltr'><strong> </strong></span> 
     </span>
    </p>
   </div>
  </div>
 </body>
</html>
