2484 4316
121 207 164 278 A.
181 207 307 294 C.='lO.]
401 208 546 276 Hrsnon.
573 207 649 276 Lm.
679 209 848 286 Quruans.
1067 212 1131 306 181-

166 375 226 442 lv.
250 376 366 456 Moses,
382 377 442 462 qub
454 377 509 441 sibi
526 378 721 463 inposterum
738 391 860 462 gentem
876 379 1017 456 firmaret,
1033 400 1128 444 novos

124 466 198 531 ritus
213 465 438 550 contrariosque
454 465 561 529 ceteris
576 465 750 530 mortalibus
766 466 883 530 indidit.
930 465 1059 530 Prosana
1069 467 1129 530 illic

124 553 236 630 omnia,
258 573 324 636 quae
344 551 424 636 apud
440 573 494 614 nos
509 573 613 616 sacra:
636 573 754 616 rursum
776 557 922 620 concessa
949 553 1029 637 apud
1052 553 1128 632 illos,

125 639 288 725 queuobis
303 639 427 703 incesta.
473 637 615 721 Effigiem
632 639 777 717 animalis,
801 661 861 724 quo
877 655 1061 703 monstrante
1082 661 1130 703 er-

124 745 223 792 rorem
234 725 373 810 sitimque
383 725 570 810 depulerant,
583 727 728 808 penetrali
739 726 897 790 sacravere
910 749 918 789 2
933 748 1012 791 ceso
1023 727 1128 805 ariete,

126 813 262 877 velutin
287 812 500 876 contumeliam
523 811 713 878 Hammonis.
760 812 824 876 Bos
848 835 969 899 quoque
993 813 1131 877 immola·

126 913 185 977 tur,
201 921 292 984 quem
307 899 444 984 AEgyptii
460 899 543 982 Apin
557 899 674 963 colunt.
721 899 784 963 Sue
800 900 959 978 abstinent,
983 899 1131 964 memoriis

125 987 231 1063 cladis,
248 1007 308 1072 qua
319 987 398 1070 ipsos
414 986 531 1049 scabies
547 986 699 1070 quondam
716 1001 899 1072 turpaverat,
914 1009 963 1050 cur
956 988 1008 1051 id
1022 988 1132 1051 animal

126 1073 303 1138 obnoxium.
328 1071 465 1155 Louvam
476 1071 947 1138 olrmsamemcrebnsadhuc
905 1096 919 1158 J
921 1096 1025 1160 Junrrs
1036 1073 1131 1138 satec

127 1175 195 1224 tur:
222 1175 252 1224 et
264 1173 415 1244 raptarum
425 1159 543 1241 frugum
556 1175 765 1242 argumentum
782 1161 865 1245 panis
880 1159 901 1222 J
904 1161 1038 1238 udurcus,
1051 1162 1133 1226 nullo

126 1245 286 1371 fermento,
303 1247 421 1311 retinet.
467 1215 623 1332 ‘Septimo
639 1247 687 1310 die
702 1247 796 1311 otium
812 1247 983 1332 placuisse,’
1011 1248 1132 1329 lerunt;

127 1335 217 1419 ‘quia
231 1335 256 1398 is
267 1335 356 1398 finem
369 1334 504 1397 laborum
517 1333 632 1397 tulerit:
656 1334 739 1410 dein,
749 1334 939 1398 blandiente
932 1333 1049 1411 mertia,
1061 1357 1133 1420 sep-

128 1421 235 1485 timum
248 1442 369 1507 quoque
380 1442 491 1484 aunum
504 1421 628 1504 ignavie
640 1419 767 1484 datum'
803 1421 873 1497 Alii,
886 1427 893 1457 ‘
906 1421 1051 1484 honorem
1064 1443 1134 1484 eum

128 1507 260 1574 Saturno
277 1508 399 1570 haberi:
420 1529 474 1570 seu
495 1507 639 1591 principia
664 1507 815 1588 religionis
831 1507 1016 1570 tradentibus
1033 1506 1131 1586 ldaeis,

126 1616 289 1680 quoscum
314 1593 444 1658 Saturno
457 1594 558 1676 pulsos
581 1608 612 1656 et
626 1593 798 1656 conditores
825 1593 922 1675 gentis
948 1594 1132 1676 accepimus,

126 1703 182 1744 seu
199 1679 309 1766 qudde
325 1694 450 1779 septem
459 1679 617 1756 sideribus,
634 1677 701 1763 quis
716 1679 855 1743 mortales
875 1693 1027 1761 reguntur,
1051 1680 1133 1744 altis-

128 1768 290 1832 simoorbe
313 1779 344 1828 et
364 1764 514 1850 praecipub
530 1765 674 1849 potentia,
693 1765 783 1832 stella
807 1765 927 1830 Saturni
943 1765 1072 1830 feratur:
1097 1788 1133 1830 ac

131 1854 275 1938 pleraque
290 1852 500 1916 coelestium
474 1874 532 1918 vun
549 1873 635 1917 suam
655 1867 686 1916 et
700 1873 820 1917 cursum
836 1854 981 1938 septimos
1004 1875 1058 1937 per
1077 1877 1134 1918 nu-

131 1962 231 2004 meros
246 1938 429 2004 conficiant?

173 2025 214 2090 V.
239 2024 280 2089 Hi
293 2027 375 2104 ritus,
392 2049 513 2129 quoqup
529 2028 619 2092 modo
635 2029 759 2106 inducti,
772 2030 948 2129 antiquitate
964 2027 1133 2092 defendun-

129 2129 195 2180 tur:
219 2129 320 2178 cetera
335 2114 595 2178 institutasinistra
600 2115 711 2193 ,soeda,
725 2117 869 2201 pravitate
883 2115 1016 2179 valuere.
1051 2115 1134 2178 Nam

130 2201 279 2286 pessimus
294 2201 431 2286 quisque,
447 2203 555 2287 spretis
570 2163 762 2284 religionibus
779 2204 889 2288 patriis,
912 2203 1020 2266 tributa
1036 2217 1067 2266 et
1082 2203 1135 2266 sti·

132 2311 187 2374 pes
202 2289 273 2352 illuc
288 2288 451 2368 gerebant:
476 2290 556 2351 unde
572 2304 667 2352 auctae
686 2287 860 2352 Judaeorum
883 2311 942 2352 res,
988 2289 1041 2365 Et,
1064 2290 1134 2372 quia

130 2375 234 2459 apud
227 2396 308 2458 ipsos
323 2375 397 2438 fides
412 2375 568 2450 obstinata,
585 2376 831 2440 misericordiam
848 2389 979 2476 promtu,
1004 2376 1057 2439 sed
1082 2376 1136 2438 ad-

130 2461 232 2526 versus
248 2483 353 2526 omnes
376 2462 449 2525 alios
473 2462 580 2524 hostile
595 2462 709 2540 odium,
731 2463 859 2546 separati
883 2463 988 2547 epulis,
1014 2463 1136 2526 discreti

128 2549 288 2625 cubilibus,
302 2547 516 2633 projectissima
529 2549 565 2611 ad
578 2548 731 2611 libidinem
747 2571 832 2630 gens,
844 2549 1010 2612 alienarum
1022 2571 1135 2612 concu-

130 2636 195 2700 bitu
211 2635 379 2712 abstinent,
402 2635 527 2698 intense
547 2635 618 2698 nibil
634 2635 789 2713 illicitum;
812 2636 1029 2698 circumcidere
1050 2636 1135 2718 geni-

125 2722 232 2788 -tulia
225 2720 389 2797 restituere,
416 2735 449 2784 ut
474 2721 646 2786 diversitate
668 2737 839 2785 noscantur.
885 2721 1111 2803 Transgressi'
1103 2745 1134 2785 ιιι
1238 2785 1239 2790 ,

132 2829 247 2874 morem
264 2829 368 2872 eorum
384 2806 464 2870 idem
482 2823 645 2892 usurpant:
676 2809 910 2906 necquicquam
931 2807 1012 2892 priris
1038 2809 1135 2871 imbu-

133 2911 231 2973 untur,
248 2917 337 2979 quam
353 2910 547 2959 contemnere
565 2894 660 2971 Deos,
684 2915 797 2958 exuere
822 2895 956 2978 patriam,
981 2909 1135 2976 parentes,

132 2983 253 3058 liberos,
270 2980 385 3056 fratres,
408 2981 476 3044 vilia
493 2982 615 3044 habere.
654 2980 812 3061 Augendae
835 2995 934 3044 tamen
951 2980 1136 3044 multitudini

129 3069 307 3134 consulitur.
353 3066 433 3132 Nam
449 3081 480 3131 et
503 3089 611 3132 necare
628 3089 799 3152 quenquam
820 3088 860 3130 ex
884 3067 1009 3150 agnatis,
1032 3065 1136 3132 nasas.

133 3157 309 3240 animasque
333 3155 434 3238 prelio
460 3171 511 3220 eut
533 3155 687 3240 suppliciis
711 3170 915 3240 peremturum
938 3167 1062 3217 eternas
1082 3175 1139 3237 pu·

133 3255 208 3308 tant.
254 3240 337 3305 Hinc
352 3242 516 3324 generandi
533 3263 616 3306 amor
631 3255 662 3304 et
677 3242 823 3305 moriendi
838 3255 1020 3305 contemtus.
1059 3239 1139 3304 Cor-

133 3351 207 3416 pora
221 3329 365 3404 condere,
382 3329 472 3412 quiam
488 3337 664 3405 cremares
681 3351 764 3392 more
776 3329 942 3413 AEgyptic:
967 3327 1138 3413 eademque

134 3438 218 3494 cura,
228 3429 259 3479 et
275 3415 313 3478 de
328 3413 449 3478 infernis
467 3417 639 3498 persuasio:
661 3416 831 3480 coelestium
847 3415 963 3479 contra.
1001 3415 1140 3499 AEgyptii

135 3504 280 3588 pleraque
290 3502 429 3566 anrmalra
441 3503 617 3588 effivresque
626 3517 808 3586 compositas
824 3515 1018 3578 venerantum
1042 3501 1141 3566 Judaei

135 3605 238 3654 mente
253 3587 320 3654 sole
345 3611 499 3674 unumque
524 3587 646 3654 Numen
663 3589 840 3672 intelligunt.
886 3587 1066 3666 ‘Prolancs,
1090 3591 1142 3674 qui

136 3676 275 3742 Derim
268 3677 415 3760 rmagines
439 3677 613 3740 mortalibus
631 3677 762 3740 materiis
787 3677 817 3740 in
844 3677 972 3761 species
986 3675 1141 3740 hominum

136 3765 300 3850 effingam:
325 3785 477 3830 summum
493 3763 566 3828 illud
582 3777 613 3828 et
625 3778 782 3916 pflternum,
800 3784 899 3850 neque
916 3761 1069 3842 mutabile,
1088 3781 1143 3828 ns·
