2560 4258
414 601 454 662 O.
482 599 716 662 CORNELII
743 597 911 660 TAOlTi

375 751 952 880 Hrs'rortranurr

456 1027 623 1084 LIBER
653 1027 872 1084 PRIMUS.

568 1224 757 1234 ...—

496 1383 705 1426 Buttvurttmt
727 1383 831 1426 urtam.

80 1514 83 1525 '
162 1507 224 1572 Cep.
242 1509 265 1556 1.
283 1505 430 1555 Prelemen.
464 1505 583 1556 Auctoris
594 1507 709 1568 dignitas,
721 1512 789 1562 aetas,
797 1505 947 1554 institutum.
980 1505 1166 1556 2311111111·

195 1574 227 1620 tls
237 1571 343 1619 historie
355 1585 452 1618 sumna
464 1572 551 1634 capita.
585 1574 608 1616 4.
621 1573 644 1616 5.
662 1570 746 1617 Status
757 1571 834 1626 urbis,
852 1584 923 1617 mens
934 1571 1105 1628 exercituum,
1121 1571 1165 1619 ha·

194 1635 262 1683 bitus
274 1635 467 1697 provinciarum,
477 1635 559 1681 occiso
568 1632 681 1680 Nerone.
706 1633 886 1695 Nymphidius,
895 1633 1027 1693 imperium
1040 1633 1166 1691 affectans,

195 1713 335 1760 oppressus.
367 1700 391 1745 6.
404 1699 427 1746 7.
445 1696 549 1744 Galbam
561 1697 695 1744 crudelitas
706 1712 759 1750 sua.
775 1701 842 1749 astas,
860 1697 967 1756 corporis
979 1695 1055 1741 torma
1067 1703 1093 1743 et
1104 1697 1165 1744 anri-

163 1788 167 1800 ·
196 1775 287 1810 corum
299 1761 358 1809 vitia
375 1759 483 1808 reddunt
499 1761 615 1808 invisum.
648 1762 672 1806 8.
689 1761 712 1806 9.
730 1759 813 1805 Status
830 1758 967 1820 Hispaniae,
989 1757 1083 1816 Galliae,
1101 1759 1165 1808 Ger-

194 1825 349 1874 manicorum
370 1825 539 1879 exercituum,
557 1822 700 1877 Britannia,
717 1821 821 1882 lllyrici.
857 1821 893 1868 1⁰.
912 1820 943 1867 ln
960 1819 1033 1882 Syria
1050 1820 1166 1870 Muciani

194 1891 301 1936 virtutes
322 1894 348 1936 et
367 1888 434 1935 vitia.
468 1887 508 1934 Fl.
526 1885 681 1946 Vespasiani,
702 1883 835 1931 Judalcum
852 1883 949 1930 beilum
966 1884 1166 1943 administrantis,

194 1953 292 1999 animus
301 1952 326 1998 in
338 1950 450 1999 Galbam.
485 1953 522 1997 ll.
539 1948 655 2009 AEgypti,
667 1946 766 2002 Africa,
780 1947 954 2004 Mauretanite,
966 1945 1080 2005 tresue,
1088 1949 1163 1996 Nori·

195 2016 218 2063 el
238 2015 363 2071 Thracios,
376 2014 452 2061 ltalia
465 2017 543 2061 status
554 2011 641 2059 COSS.
659 2011 738 2059 Galbd
750 2017 776 2060 et
788 2012 870 2059 Vinio.

163 2083 202 2131 12.
221 2053 363 2126 iieficlente
381 2077 514 2139 superiorls
530 2074 670 2123 Germania
684 2076 770 2132 milite,
787 2075 865 2123 Galba
877 2075 907 2123 de
919 2074 1054 2138 adoptando
1066 2074 1163 2126 Cesare

195 2141 294 2204 cogitat.
328 2143 367 2188 13.
378 2139 470 2188 Vinius
477 2139 568 2188 Othoni
578 2139 654 2195 lavet,
666 2153 714 2187 non
727 2140 770 2196 ita,
782 2138 848 2187 Laco
857 2145 883 2186 et
894 2139 986 2186 leelus.
1021 2141 1058 2186 14.
1077 2139 1165 2196 Galba,

194 2204 324 2256 uansaetis
337 2203 438 2266 imperil
455 2204 568 2262 comitiis,
587 2204 701 2250 Pisonem
714 2203 793 2266 eligit,
810 2203 936 2250 hominem
949 2201 1042 2264 antiqui
1055 2203 1129 2250 nroris
1140 2209 1166 2251 et

195 2282 323 2323 severum,
340 2267 382 2316 oui
393 2269 432 2314 15.
451 2269 489 2314 16.
503 2269 635 2328 adoptionis
647 2281 734 2313 causas
750 2272 776 2313 et
793 2265 894 2327 imperii
911 2265 1094 2312 administrandi
1106 2280 1164 2314 con-

195 2331 278 2379 silium
291 2331 377 2393 aperit.
412 2333 450 2378 17.
468 2331 564 2378 Pisonis
580 2331 645 2377 inter
661 2329 716 2376 brec
728 2329 869 2376 moderatio.
904 2329 941 2375 18.
959 2329 1063 2389 Adoptio
1073 2329 1098 2375 in
1110 2343 1163 2376 cas·

195 2395 240 2442 tris
256 2399 408 2456 nuncupata,
426 2395 456 2442 19
472 2399 525 2442 turn
537 2394 562 2440 in
579 2393 680 2440 Senatu.
715 2391 804 2456 Legati
820 2393 850 2439 ad
861 2389 999 2439 defectores
1016 2391 1090 2438 missi.
1124 2393 1163 2439 29.

195 2457 305 2506 Neronis
317 2459 423 2520 prodigae
435 2458 577 2505 donationes
590 2456 707 2503 rescisse.

161 2525 202 2573 21.
219 2521 310 2569 Othoni
321 2536 365 2582 spe
377 2522 444 2582 lapso
456 2521 585 2568 eonsilium
597 2521 622 2566 iu
631 2519 735 2578 turbido,
753 2517 792 2563 22.
809 2517 983 2582 instigantibus
994 2517 1096 2579 libertis,
1110 2531 1162 2567 ser·

195 2589 242 2641 111,
259 2584 453 2643 mathematicis3
471 2585 510 2630 23.
528 2583 566 2629 24.
584 2582 675 2643 paratis
687 2581 739 2642 jam
752 2581 928 2650 ante0milltum
939 2581 1025 2629 studiis
1037 2597 1081 2643 per
1093 2582 1163 2629 blan·

194 2647 265 2696 ditias
276 2654 302 2696 et
314 2647 464 2710 largitiones,
475 2645 593 2692 oscitante
606 2645 635 2690 ad
648 2645 672 2690 id
685 2641 813 2691 Praeieeto.
848 2646 887 2690 25.
900 2646 939 2692 26.
957 2643 1024 2708 Ergo
1035 2645 1087 2706 jam
1100 2645 1123 2692 le
1143 2645 1162 2691 i·
1179 2675 1182 2681 -

193 2725 255 2759 ones
274 2717 300 2758 et
317 2710 409 2758 auxilia
428 2723 471 2771 pro
488 2707 593 2754 Othone.
627 2708 666 2753 27.
690 2705 754 2754 Mox
774 2709 942 2755 consalutatus
959 2707 1106 2770 imperator,
1122 2661 1162 2756 ib.

193 2775 279 2822 castris
291 2773 445 2821 Praetorianis
456 2770 569 2818 insertur.

160 2841 201 2890 29.
218 2839 257 2886 39.
277 2837 333 2884 Piso
345 2837 480 2891 cohortem,
496 2848 552 2894 qua
564 2834 588 2879 in
601 2832 692 2893 palatio
701 2832 830 2879 stationem
842 2832 901 2896 agit,
912 2832 1025 2880 hortatur
1035 2834 1064 2880 ad
1076 2832 1161 2882 fidem.

193 2903 233 2948 31.
251 2900 298 2948 llla
310 2907 379 2961 parat
389 2902 469 2963 signa,
480 2897 582 2958 reliquis
594 2896 669 2956 copiis
680 2893 863 2942 deficientibus.
896 2897 935 2942 32.
948 2897 987 2942 113.
1005 2895 1089 2943 Plebis
1101 2897 1160 2944 adu-

194 2963 252 3012 latio
263 2971 289 3012 et
300 2963 395 3011 levitas.
429 2963 547 3010 Fluctuat
558 2959 636 3008 Galba
654 2973 711 3005 oum
729 2959 822 3013 amleis,
839 2973 870 3004 an
886 2959 1087 3006 occurrendum?
1119 2961 1159 3006 ³4.

194 3025 559 3075 PraenrlttlturincastraPiso.
593 3021 680 3069 Falsus
692 3022 721 3068 de
734 3023 815 3068 occiso
825 3019 921 3068 Othone
932 3035 1022 3068 rumor.
1055 3023 1094 3068 35.
1113 3021 1159 3069 Po·

193 3092 269 3154 pulus
280 3095 306 3138 et
315 3090 420 3137 Senatus
432 3089 533 3145 Galbae3
551 3087 587 3132 36.
603 3091 683 3132 eastra
694 3083 784 3130 Othoni
797 3084 888 3130 lavent.
921 3087 959 3131 37.
972 3086 1011 3130 38.
1030 3083 1081 3130 ilie
1095 3085 1159 3134 mili-

193 3162 246 3204 tutn
264 3155 357 3202 animos
374 3153 483 3200 oratione
503 3151 548 3198 sibi
568 3149 698 3207 conciliat,
716 3147 801 3194 Galba·
818 3154 842 3194 et
856 3147 937 3196 Pisoni
949 3148 1027 3195 reddit
1043 3147 1159 3196 infensos.

149 3241 153 3248 ·
193 3221 273 3268 Arma
284 3216 456 3266 militidividit.
489 3215 528 3260 39.
547 3209 918 3275 AgitatLaro'decaedeVinii.
952 3213 991 3258 40.
1009 3210 1159 3260 (1115111111-

193 3287 255 3329 tuat.
290 3281 364 3328 Plebs
384 3284 462 3326 nutat.
496 3276 626 3324 Othoniani
644 3276 722 3323 lorum
739 3275 887 3334 irrumpunt.
921 3275 960 3320 41.
981 3273 1059 3320 Galba
1075 3276 1159 3322 deser-

193 3351 243 3402 tus,
264 3344 371 3400 occisus,
388 3344 426 3390 42.
444 3342 480 3388 aio
502 3347 528 3388 et
548 3340 645 3386 Vinius.
680 3341 718 3385 43.
742 3337 880 3395 Sempronii
904 3337 982 3384 Densi
1000 3335 1062 3384 fides
1104 3338 1161 3387 Piso

193 3423 281 3465 ooesus,
298 3411 337 3453 44.
355 3405 445 3469 magni
456 3404 559 3451 Othonis
576 3401 667 3450 laetitid.
701 3400 812 3446 Caedinm
830 3399 929 3460 praemla
946 3405 1074 3460 poscentes
1086 3399 1159 3462 jussu

193 3471 290 3520 vitellii
302 3477 385 3530 postea
397 3468 528 3516 interlecti.
562 3469 600 3512 45.
619 3465 759 3512 Adulantur
769 3462 874 3509 Senatus
886 3470 911 3509 et
922 3462 1030 3524 Populus
1039 3463 1159 3512 victorem
1226 3465 1230 3482 ⁶

192 3535 325 3587 Othonem,
342 3533 384 3593 qui
397 3531 534 3579 coercendo
552 3530 656 3576 militum
670 3527 746 3574 furori
757 3527 849 3587 impar:
868 3528 906 3572 46.
924 3526 949 3572 lri
962 3525 1101 3572 vacationes
1113 3528 1160 3574 sibi

192 3598 285 3646 remitti
301 3603 397 3656 petunt.
428 3593 495 3640 Laco
511 3599 536 3640 et
549 3593 632 3638 lcelus
644 3591 708 3638 caesi.
743 3593 782 3637 47.
802 3591 895 3637 Pisonis
911 3596 936 3638 et
947 3589 977 3636 T.
992 3589 1058 3635 Vinii
1074 3591 1159 3650 sepul-

191 3669 257 3717 tura,
276 3661 316 3706 48.
334 3659 423 3721 elogia,
440 3662 593 3705 testamenta.
627 3657 666 3701 49.
690 3653 775 3701 Galbae
795 3655 933 3716 sepultura,
951 3658 1017 3709 aetas,
1037 3653 1159 3712 nobilitas,

191 3739 281 3779 mores,
298 3721 411 3769 honores.

160 3789 198 3837 59.
215 3786 348 3848 Trepidam
361 3785 449 3831 urbem
464 3797 543 3831 novus
554 3783 584 3829 de
597 3781 700 3828 Vitellio
711 3782 815 3829 nuntius
826 3778 945 3829 erterret.
979 3778 1158 3840 Vespasianum

190 3850 304 3899 nonnulli
315 3853 477 3914 augurantur.
511 3849 551 3894 51.
569 3846 643 3894 lnitia
655 3846 782 3894 Vitelliani
795 3846 874 3894 motds
881 3859 914 3894 ex
925 3843 991 3894 bello
999 3843 1013 3892 J
1017 3843 1060 3892 ulii
1070 3843 1156 3894 Vindi-

650 3915 666 3972 l
