2514 4318
438 221 484 264 nn
506 197 662 264 Mourena
685 199 887 265 Gnarrrurn.
1100 205 1164 268 207

160 365 265 444 Poeni,
280 387 341 428 non
364 363 517 450 Hispaniae
542 366 697 444 Galliaeve,
720 388 760 430 ne
783 365 887 430 Parthi
912 368 1032 452 quidem
1056 369 1164 452 saepids

160 452 366 516 admonuere:
391 453 504 537 quippe
528 451 640 535 Regno
657 438 778 516 Arsddis
801 454 896 517 acrior
919 469 965 518 est
992 454 1163 520 Germano·

159 540 375 604 numlibertas.
421 537 506 612 Quid
538 540 801 617 nimaliudnobis,
819 540 1034 625 quamcaedem
1046 541 1161 621 Crassi,

160 627 271 690 amisso
295 640 326 688 et
350 626 414 710 ipso
436 561 566 704 Pacldo,
593 626 668 689 inira
690 625 867 689 Ventidium
891 627 1026 714 dejectus
1051 627 1163 694 Oriens

8 762 14 801 ἰ
97 727 99 732 ’
159 713 328 799 objecerit?
372 713 416 776 At
443 711 599 790 Germani,
622 713 765 776 Carbone
790 727 822 776 et
846 712 955 778 Cassio
985 730 1016 778 et
1046 715 1162 778 Scauro

160 801 288 865 Aurelio
303 812 334 862 et
350 798 479 863 Servilio
494 799 652 884 Caepione,
665 799 726 862 Cn.
744 822 865 884 quoque
880 799 996 866 Manlio
1013 801 1094 878 susis,
1113 801 1162 866 vel

158 887 267 971 captis,
277 887 409 971 quinque
421 887 509 950 simul
519 886 705 950 Consulares
714 888 866 951 exercitus
877 885 996 972 Populo
1008 888 1163 967 Romano,

162 973 287 1050 Varum,
300 989 358 1036 tres
382 993 420 1035 ue
435 995 505 1036 cum
521 995 559 1037 eo
570 974 715 1058 legiones,
728 974 817 1036 etiam
830 972 942 1037 Cesari
955 975 1160 1039 abstulerunt:

160 993 1166 1142 necimpun'ebmariusinlatrat).JuliusinGatlia‚Drususac

161 1145 247 1211 Nero
263 1161 293 1209 et
309 1146 508 1211 Germanicus
520 1149 549 1211 in
562 1149 684 1210 suiseos
695 1148 818 1211 sedibus
833 1149 1036 1233 perculerunt.
1083 1148 1163 1213 Mox

158 1234 297 1317 ingentes
309 1232 350 1298 C.
361 1232 490 1298 Caesaris
506 1235 592 1298 minae
604 1235 634 1298 in
645 1235 804 1298 ludibrium
818 1256 920 1298 verse.
967 1235 1161 1314 ludentium,

160 1320 258 1385 donec
272 1321 432 1384 occasione
447 1321 600 1386 discordia
616 1337 722 1386 nostrae
738 1336 769 1384 et
784 1321 914 1384 civilium
931 1343 1092 1399 armorum,
1105 1343 1162 1386 ex-

161 1409 301 1492 pugnatis
316 1408 469 1491 legionum
485 1407 639 1492 hybernis,
655 1408 745 1470 etiam
768 1407 882 1469 Gallias
898 1407 1100 1470 affectavere:
1126 1429 1163 1472 ac

159 1515 262 1559 rursus
288 1496 364 1579 pulsi
387 1494 468 1572 inde,
485 1493 630 1580 proximis
656 1493 843 1577 temporibus
867 1494 1041 1578 triumphati
1066 1491 1162 1576 magis

158 1581 251 1666 qubm
269 1581 338 1644 victi
353 1594 434 1643 sunt.

105 1730 109 1741 ζ
144 1715 146 1720 -
205 1664 397 1730 XXXVIII.
422 1665 513 1730 Nunc
529 1667 568 1730 de
585 1665 694 1730 Suevis
710 1665 873 1729 dicendum
888 1679 945 1743 est,
962 1671 1088 1751 quorum
1103 1687 1165 1730 non

160 1773 232 1830 una,
256 1767 290 1814 ut
313 1751 472 1816 Cattorum
494 1751 768 1829 Tencterorumve,
793 1774 889 1834 gens=
912 1752 1057 1838 majorem
1082 1753 1164 1816 enim

158 1837 332 1902 Germaniae
349 1851 464 1920 partem
475 1839 620 1916 obtinent,
633 1839 871 1924 propriisadhuc
883 1839 1052 1903 nationibus
1067 1839 1164 1902 nomi·

160 1924 311 2009 nibusque
327 1924 456 2002 discreti,
473 1947 643 2011 quanquam
666 1927 873 1988 incommune
891 1923 984 1989 Saevi
1006 1941 1164 1990 vocentur.

162 2008 283 2094 Insigne
314 2011 412 2094 gentis
441 2012 595 2096 obliquare
625 2013 740 2075 crinem
777 2013 917 2097 nodoque
947 2013 1163 2095 substringere.

160 2095 215 2161 Sic
245 2095 339 2160 Suari
365 2117 383 2160 a
407 2098 515 2162 ceteris
541 2097 713 2175 Germanis,
739 2098 782 2161 sic
807 2098 976 2161 Suevorum
1000 2101 1164 2181 ingencia

161 2183 266 2262 servis,
283 2198 470 2268 separantur.
515 2183 550 2248 In
566 2185 631 2248 aliis
646 2183 796 2267 gentibus,
808 2205 862 2247 seu
873 2185 1052 2266 cognatione
1064 2184 1166 2270 aliquit

163 2269 346 2350 Suevorum,
363 2291 416 2334 seu
438 2269 534 2356 (quod
556 2271 637 2356 saepb
658 2269 780 2356 accidit)
805 2271 982 2347 imitatione,
1005 2292 1117 2346 rarum,
1133 2283 1166 2334 et

161 2355 238 2422 intra
248 2357 383 2444 juvente
405 2359 557 2442 spatium;
580 2358 662 2442 apud
678 2357 807 2433 Suevos,
830 2377 926 2442 usque
948 2357 986 2419 ad
1010 2358 1164 2435 canitiem,

161 2443 335 2508 horrentem
350 2445 493 2529 capillum
509 2444 590 2509 retro
605 2458 781 2530 sequuntur,
791 2465 827 2506 ac
837 2443 917 2527 sepe
931 2443 961 2506 in
976 2444 1040 2507 solo
1052 2444 1164 2508 vertice

162 2531 297 2614 religant.
343 2530 501 2616 Principes
516 2546 548 2595 et
563 2533 742 2595 ornatiorem
760 2531 892 2594 habent:
915 2551 952 2593 ea
967 2551 1039 2594 cura
1051 2529 1163 2609 fortnas,

158 2617 217 2681 sed
232 2618 364 2681 innoxia.
411 2617 523 2703 Neque
538 2620 618 2682 enim
633 2633 665 2681 ut
680 2632 782 2680 ament
798 2631 975 2680 amenturve
989 2640 998 2696 3
1020 2619 1049 2680 in
1066 2619 1164 2682 altitu-

161 2703 263 2766 dinem
280 2703 432 2788 quandam
455 2719 485 2768 et
507 2718 662 2783 terrorem,
686 2703 793 2766 adituri
816 2703 906 2780 bella,
922 2704 1024 2782 comti,
1047 2719 1081 2768 ut
1095 2704 1166 2768 hos·

158 2789 236 2853 'tium
252 2790 357 2865 oculis,
373 2804 527 2853 ornantur.

206 2873 398 2954 XXXlX.J
411 2875 650 2954 Vetustissimcs’
681 2897 714 2939 se
737 2875 1019 2960 ‘nobilissimosque
1049 2875 1166 2940 Suevo-

162 2960 239 3026 rum’
268 2961 438 3025 Semubires
464 2977 642 3026 memorant.
690 2961 784 3026 Fides
814 2961 997 3046 antiquitatis
1020 2961 1165 3044 religione

161 3048 306 3112 firmatur.
351 3047 437 3110 Stato
461 3063 598 3134 tempore
623 3049 654 3112 in
676 3049 804 3132 sylvam,
832 3048 962 3130 auguriis
993 3062 1111 3130 patrum
1132 3059 1164 3109 et

163 3133 262 3218 priscis
278 3133 433 3198 formidine
490 3157 582 3212 cram,
598 3157 705 3198 omnes
728 3129 873 3220 ejusdem
888 3133 1039 3214 sanguinis
1060 3132 1165 3216 populi

161 3220 359 3304 legationibus
374 3241 450 3284 coeu
489 3223 501 3300 ,'
512 3243 650 3307 cesoqua
663 3221 783 3306 publice
793 3219 1080 3283 hominecelebrant
1096 3219 1164 3280 bar·

163 3307 226 3370 bari
241 3305 312 3370 ritds
329 3308 477 3371 horrenda
494 3309 664 3391 primordia.
711 3305 769 3370 Est
780 3321 811 3370 et
826 3307 884 3370 alia
899 3307 969 3370 luco
983 3305 1164 3369 reverentia.

163 3391 266 3458 Nemo
281 3395 336 3456 nisi
353 3394 474 3458 vinculo
489 3395 597 3476 ligatus
619 3394 796 3478 ingreditur,-
818 3408 850 3457 ut
865 3393 971 3469 minor,
987 3406 1019 3456 et
1035 3406 1167 3478 potesta-

163 3492 225 3542 tem
242 3479 274 3542 N
276 3481 383 3544 uminis
399 3503 457 3564 prae
473 3502 506 3543 se
519 3479 631 3544 serens.
678 3480 710 3544 Si
727 3479 803 3544 sorte
824 3480 982 3564 prolapsus
997 3494 1054 3556 est,
1070 3479 1166 3542 attolli

161 3565 362 3646 et³insurgere
376 3566 455 3630 baud
472 3567 608 3630 licitum:
632 3587 688 3650 per
703 3567 1040 3630 humum-evolvuntur:
1065 3565 1165 3650 otique
1250 3565 1251 3576 *

158 3651 260 3714 ‘omnis
275 3653 445 3738 superstitio
467 3653 601 3736 respicit,
627 3667 768 3736 tanquam
793 3653 863 3716 inde
890 3653 972 3716 initia
995 3653 1102 3736 gentis,
1125 3651 1166 3714 ibi

163 3749 304 3822 regnator
331 3738 467 3804 omnium
491 3738 590 3820 Deus,
614 3753 718 3804 cetera
740 3737 878 3826 subjecta
903 3753 994 3826 atque
1019 3737 1165 3825 parentia.
