2556 4446
115 443 181 506 284
453 461 703 508 nones-eoos
726 461 765 506 ιι.

148 604 215 654 Seel.
227 606 266 653 60.
288 602 404 654 &mitit
414 603 445 654 dc
458 603 570 667 perfidio
580 608 605 654 et
614 603 696 666 fidem
708 603 825 668 absoluit]
842 605 859 652 i.
877 619 899 654 e.
917 604 1023 668 pertidus
1039 605 1116 655 inisse

115 689 141 736 in
152 687 194 736 lllo
205 688 346 736 discrimine
358 687 463 736 eredidit
479 687 640 751 fingentibus,
652 703 733 750 eaque
750 690 781 736 de
793 703 869 736 ceusu
880 687 938 736 fidei
949 689 1116 748 inOthonem

115 771 222 834 pristine
235 771 332 820 venient
344 772 418 822 dedit.
445 771 538 820 ntum
545 770 708 836 euolutam.
720 772 838 819 criminis.
872 771 941 819 Num
952 754 1116 834 tel'itempore

114 853 177 904 lidos
187 855 212 902 ln
224 853 319 904 bostem
331 854 426 902 crimen
437 861 483 902 est.

147 937 213 986 sect.
226 939 265 986 et.
282 937 356 986 Ferit
368 925 500 1002 objecturi
523 937 579 986 The
595 937 713 989 seditious
724 949 793 986 were
811 936 943 1001 generally
954 937 1031 1000 given
1047 941 1071 984 to
1082 937 1114 983 be

113 1019 239 1070 devonred
252 1021 286 1080 by
298 1020 356 1068 wlld
365 1020 456 1068 Marte

134 1089 213 1152 'Secu
223 1104 262 1151 62.
278 1103 318 1150 At
327 1107 436 1164 utroque
444 1101 523 1166 murt]
557 1102 654 1166 Supero
664 1117 710 1152 sen
721 1101 856 1158 Adriatico,
868 1106 894 1150 et
905 1099 984 1150 iniero
992 1115 1038 1150 sen
1050 1099 1115 1162 Tyr·

113 1185 200 1235 rheno

149 1269 286 1318 Coutmtu
297 1267 474 1332 ducis]l.e.
467 1283 493 1317 tn
503 1270 603 1318 ducem

123 1349 220 1400 mado
232 1356 257 1401 ct
272 1353 365 1415 orente]
399 1351 485 1400 niens
505 1353 665 1418 intelligitur,
677 1353 764 1402 ludum
776 1351 948 1417 gladiatorium
966 1350 1072 1413 intelligi
1089 1354 1117 1399 et

113 1434 331 1495 amphitheatrum.

144 1515 211 1563 Sect
223 1518 262 1562 et.
280 1516 347 1563 Non
357 1513 616 1576 immistutristt'dats]
649 1515 711 1565 Non
726 1515 851 1578 particeps
863 1517 939 1565 ullius
951 1517 1061 1566 crudelis
1073 1521 1117 1565 unt

112 1599 195 1648 acerbi
207 1597 311 1648 courtttt

143 1681 252 1730 Amittit
262 1680 396 1730 deitatis
386 1678 556 1744 ingaudium
565 1677 657 1742 euicta]
684 1679 823 1746 Aprilium
835 1677 948 1728 civitam
959 1686 1032 1728 vocet
1048 1679 1113 1728 etlu-

112 1779 168 1812 sum
181 1765 333 1829 gratulando
345 1751 477 1821 felicitatis,
486 1763 652 1825 adulandiqne
661 1764 778 1814 studium.
812 1759 908 1810 Evince·
916 1767 1001 1810 eutem
1011 1761 1040 1810 iu
1046 1775 1114 1826 gau·

113 1845 184 1897 dium
194 1854 241 1905 est,
252 1848 292 1896 vel
304 1837 411 1897 invitum
423 1847 501 1912 redigi
513 1852 539 1896 et
550 1837 646 1911 eogi‘ad
658 1845 799 1894 laetandum.

145 1931 214 1980 Sect.
225 1931 265 1981 titi.
283 1934 409 1996 Augusta
424 1927 619 1992 Taurinorum]
653 1927 721 1978 Now
732 1927 827 1977 Turin.

145 2013 214 2062 Seet.
226 2014 265 2064 68.
283 2013 391 2076 Partes]
418 2013 544 2063 Adversm
562 2012 645 2076 partis
655 2011 778 2074 legiones,
796 2023 853 2074 qum
863 2023 910 2074 pro
922 2008 1025 2060 Othone
1041 2007 1119 2059 stete'

114 2105 180 2145 rant.

145 2177 329 2238 Discodurat]
348 2175 365 2225 ἰ.
376 2191 399 2226 e.
416 2188 513 2228 mensu
523 2175 700 2226 accumbebat.

144 2257 199 2306 Per
208 2257 356 2319 lasciuiam]
374 2257 391 2306 i.
403 2273 425 2307 e.
437 2267 472 2306 nt
483 2257 531 2307 hoc
541 2257 684 2306 certamine
695 2255 876 2306 delectaretur.

149 2341 181 2391 ttt
188 2339 317 2403 fastiditi]
350 2337 454 2393 unibus
464 2339 574 2388 noluerit
585 2340 723 2403 imperare,
735 2339 821 2388 oblato
832 2337 953 2402 quamvis
964 2337 1082 2402 imperio.
1142 2361 1146 2370 ·

145 2421 215 2474 Seet
225 2423 265 2474 69.
283 2424 412 2476 Pietatem
424 2421 551 2484 militnm]
586 2419 700 2471 Videtur
710 2420 836 2472 Vitellius
850 2421 920 2471 hunc
934 2422 1074 2470 tumultum
1091 2427 1116 2470 et

113 2511 150 2555 tot
161 2505 296 2556 hominum
307 2506 405 2557 cmdem
416 2519 463 2571 pro
474 2505 588 2554 militum
597 2501 773 2568 legionarium
787 2511 886 2566 ergase
896 2503 993 2553 amoris
1004 2503 1118 2553 testimo-

112 2586 158 2636 nio
169 2587 297 2638 habuisse

144 2670 243 2719 Iotrr
232 2670 332 2720 rochia
347 2667 458 2733 dello]
450 2685 467 2720 ι
479 2684 502 2719 e
520 2682 577 2733 ques
593 2669 706 2732 speciem
723 2668 809 2768 magis
826 2669 977 2719 terribilem
982 2667 1115 2734 heberent

113 2753 266 2816 quamnim.
937 2791 939 2799 ι

145 2833 213 2882 Sect.
225 2835 263 2884 70
280 2833 424 2895 Regium*
412 2847 445 2880 ut
460 2832 565 2895 morem]
597 2831 683 2885 uuest
699 2833 748 2882 sub
763 2845 833 2896 rege,
845 2832 872 2882 id
883 2840 929 2901 est,
940 2834 988 2883 sub
1005 2841 1115 2899 tyranno

112 2915 239 2967 vixissent
248 2913 303 2965 suis
311 2913 430 2964 exitioso.

144 2997 264 3049 Secutl.
285 2998 440 3062 Quantoque
450 2997 547 3062 tnagis]
576 2997 656 3048 Refer
666 2999 699 3048 ad
709 2998 883 3049 inhumanum
892 2998 1034 3064 itersupre,
1043 3013 1066 3048 c.
1074 2999 1114 3052 70.

148 3081 181 3131 Ut
190 3081 289 3130 aolrtui
299 3085 323 3129 et
339 3079 460 3144 Cuciuoe}
485 3081 592 3130 Valens
607 3081 784 3132 and‘tlecina
800 3082 905 3132 entered
922 3093 955 3132 on
967 3081 1035 3132 their
1048 3081 1115 3146 joint

112 3164 262 3227 consulship
272 3179 305 3214 on
317 3163 359 3212 the
369 3163 488 3213 Kelends
495 3163 526 3212 os
533 3163 690 3213 November.

143 3248 211 3298 Sect.
222 3247 261 3298 tu.
281 3245 405 3296 seruilem
421 3246 453 3294 in
463 3244 577 3308 nudum]
611 3246 703 3296 Slaves
721 3259 790 3296 were
811 3245 974 3297 condemned
990 3253 1017 3296 to
1033 3245 1114 3298 suffer
1132 3261 1142 3276 ·

14 3345 15 3348 ’
112 3331 189 3381 death
201 3345 233 3379 on
245 3345 261 3379 a
271 3343 349 3379 cross.

143 3413 212 3464 Seot.
232 3413 271 3464 tt.
288 3413 453 3464 Praesentem
466 3407 667 3472 mammem]
701 3409 798 3462 Verbis
811 3409 984 3475 jurisjurandi
994 3411 1115 3462 solennia

110 3497 271 3560 presentem.
685 3516 687 3520 ·
769 3485 772 3490 ’

143 3575 300 3644 Duosfilios]
335 3576 491 3642 Vespasiae
492 3591 505 3626 s
515 3583 644 3638 litusens,
658 3575 736 3625 Titus
746 3575 797 3625 and
809 3575 953 3626 Domitian.

143 3660 211 3710 Sect
221 3663 260 3712 76.
278 3665 340 3710 Jum
356 3657 487 3720 atomum]
519 3657 578 3708 Jam
599 3657 679 3708 etiam
697 3659 786 3757 multis
803 3659 976 3721 audientibus,
992 3664 1021 3708 et
1036 3658 1114 3722 quasi

110 3743 138 3792 in
151 3741 261 3805 publico.

143 3823 211 3872 Sect
222 3825 261 3872 tt.
283 3822 349 3872 tua
359 3823 448 3871 domm
458 3820 726 3886 triumphatorium]
760 3824 788 3873 lu
800 3823 844 3872 the
855 3837 928 3888 reign
937 3824 967 3873 ol
974 3823 1112 3888 Claudius

14 3961 15 3964 Ἴ
109 3903 256 3967 Vespasien
271 3903 323 3952 had
337 3905 458 3954 obtained
469 3906 611 3970 triumphat
624 3915 775 3956 ornaments
785 3905 826 3957 ior
836 3905 877 3956 his
892 3907 1021 3958 condnet'
1014 3921 1042 3960 ιιι
1053 3907 1112 3959 Bri

110 3987 172 4034 tuin.
1048 4005 1051 4008 ·
