2508 4254
117 203 161 268 86
459 199 500 266 C.
524 199 634 266 Coun.
657 197 783 266 'raom
910 204 966 286 [A.
982 199 1025 266 U.
1043 204 1127 296 829.

116 387 262 456 prospero
284 365 385 451 prelio
409 379 559 430 verterat:
590 367 749 452 omnisque
779 365 924 430 inferioris
947 367 1125 432 Germaniae

117 456 204 520 miles
218 453 380 516 Valentem
397 453 620 517 assectabatur:
644 454 726 516 unde
750 453 879 537 primlrm
902 456 1035 518 ereditur
1050 454 1126 519 Cae·

117 543 191 606 olnae
206 541 282 603 fides
298 539 442 602 lluitbsse.
488 583 490 590 ·

160 625 282 692 XClV.
306 625 454 690 Ceterum
478 646 537 688 non
561 625 602 688 ita
622 625 763 690 Ducibus
785 625 905 691 indulsit
918 625 1071 705 Vitellius,
1089 643 1126 692 ut

116 736 177 778 non
203 715 271 798 plus
300 713 384 775 militi
409 712 531 775 liceret:
564 711 620 774 sibi
651 714 777 798 quisque
801 714 936 776 militiam
962 714 1122 792 sumsere;

118 801 254 887 quamvis
270 799 420 878 indignus,
433 799 457 862 si
469 799 509 861 ita
526 798 683 875 maluerat,
696 801 815 862 urbana:
831 801 940 864 militiae
951 802 1125 865 ascribeba-

117 902 183 952 tur:
208 908 309 950 rursus
333 885 417 949 bonis
444 905 600 948 remanere
631 886 708 948 inter
737 886 915 968 legionarios
945 903 996 950 aut
1022 889 1122 952 alares

117 975 299 1050 volentibus,
331 973 530 1056 permissum:
563 993 620 1035 nec
650 973 786 1050 deerant,
817 975 867 1058 qui
897 974 1020 1052 vellent,
1047 973 1121 1039 sessi

115 1061 226 1126 morbis
252 1075 283 1122 et
313 1059 523 1142 intemperiem
546 1059 618 1122 coeli
640 1060 819 1123 incusantes.
867 1059 992 1124 Robora
1015 1077 1121 1125 tamen

116 1148 284 1231 legionibus
300 1147 415 1231 alisque
437 1147 610 1210 subtracta:
632 1147 811 1210 convulsum
831 1163 996 1210 castrorum
1012 1149 1121 1226 decus,

119 1235 221 1317 viginti
251 1234 393 1310 millibus,
417 1253 435 1295 e
461 1247 524 1296 toto
554 1233 700 1310 exercitu,
724 1233 879 1316 permixtis
906 1232 1000 1316 magis
1026 1236 1121 1318 quiam

118 1321 232 1384 electis.
279 1319 488 1384 Concionante
503 1317 629 1382 Vitellio
653 1320 844 1403 postulantur
859 1321 914 1382 ‘ad
935 1321 1120 1405 supplicium

116 1409 268 1472 Asiaticus
293 1421 325 1470 et
351 1405 475 1469 Flavius
498 1420 530 1469 et
552 1406 693 1484 Rufinus,
716 1405 822 1470 Duces
839 1406 1016 1485 Galliarum,
1037 1407 1120 1493 qnbd

138 1515 171 1558 ro
186 1493 314 1558 Vindice
337 1492 524 1558 bellbssent!
581 1492 651 1556 Neo
673 1495 833 1559 coercebat
855 1493 1002 1580 ejusmodi
1028 1517 1122 1559 voces

116 1517 278 1660 l'itellius3
300 1602 392 1664 super
414 1581 531 1643 insitam
555 1580 641 1642 inerti
664 1581 765 1644 animo
787 1581 947 1664 ignaviam,
970 1583 1122 1659 conscius,

117 1653 172 1734 bibi
203 1670 312 1733 instare
340 1667 515 1730 donativum
542 1683 574 1730 et
600 1667 707 1730 deesse
734 1669 906 1751 pecuniam,
931 1669 1032 1732 omnia
1062 1670 1121 1733 alia

117 1757 202 1821 militi
227 1755 418 1838 largiebatur.
464 1753 579 1818 Liberti
600 1752 776 1840 Principum
800 1762 809 1792 ‘
822 1755 959 1819 conferre
986 1778 1040 1839 pro
1062 1777 1120 1819 nu·

98 1861 202 1908 ‘mero
225 1841 465 1926 mancipiorum,’
489 1855 522 1904 ut
544 1841 706 1918 tributum,
721 1840 809 1926 jussi.
855 1841 935 1927 lpse,
961 1842 1028 1904 solit
1051 1865 1123 1926 per·

118 1929 209 1994 dendi
224 1926 308 2004 euri,
323 1927 441 1991 stabula
464 1927 573 2012 aurigis
589 1942 768 1992 exstruere:
790 1929 903 1992 circum
919 1929 1120 2012 gladiatorum

117 2015 309 2099 ferarumque
322 2014 502 2098 spectaculis
517 2015 662 2099 opplere:
688 2029 831 2100 tanquam
842 2016 871 2079 in
887 2015 1007 2079 summi:
1022 2017 1119 2080 abun·

119 2100 210 2176 datiis,
228 2101 362 2248 ppcuniae
379 2100 515 2163 illudere.

161 2185 224 2252 XC

259 2233 267 2250 .
291 2185 376 2261 Quin
393 2201 423 2250 et
440 2187 570 2251 natalem
581 2185 694 2252 Vitellii
710 2187 790 2252 diem
807 2187 930 2252 Caecina
946 2211 981 2252 ae
994 2187 1121 2268 Valens,

6 2295 8 2338 L
117 2275 204 2340 editis
220 2272 284 2352 toti:
299 2274 373 2336 urbe
390 2275 509 2338 vicatim
533 2275 746 2356 gladiatoribus
766 2275 982 2339 celebravere:
1007 2277 1122 2359 ingenti

118 2379 221 2448 paratu
238 2375 270 2424 et
285 2375 355 2424 ante
370 2361 455 2423 illurn
470 2361 549 2423 diem
571 2361 701 2425 insolito.
746 2360 865 2427 Laetum
876 2363 1040 2427 soedissirno
1054 2363 1120 2427 cui-

119 2470 189 2536 que,
212 2447 292 2532 apud
315 2447 410 2510 bonos
431 2447 549 2510 invidiae
567 2447 632 2525 suit,
660 2447 741 2532 qubd
767 2451 929 2513 exstructis
956 2451 985 2514 in
1008 2471 1120 2534 campo

114 2534 228 2601 Martio
253 2535 321 2611 aris,
341 2532 461 2596 inseriae
488 2532 604 2597 Neroni
631 2534 771 2600 lecisset:
796 2558 879 2600 caesa
906 2536 1025 2621 publice
1052 2538 1116 2600 vic·

117 2623 197 2688 time
227 2636 443 2705 cremataeque:
480 2617 576 2683 lacem
608 2623 788 2704 Augustales
818 2623 997 2688 subdidere:
1037 2624 1118 2710 quod

119 2709 331 2785 sacerdotium,
355 2722 388 2770 ut
411 2705 562 2770 Romulus
577 2706 669 2772 Tatio
691 2707 784 2793 Regi,
802 2711 841 2774 ita
857 2709 961 2776 Caesar
979 2707 1122 2775 Tiberius

119 2795 207 2860 Juliae
223 2797 304 2878 genti
323 2795 462 2858 sacravit.
509 2793 655 2857 Nondum
679 2812 802 2880 quartus
818 2818 834 2859 a
852 2797 977 2860 victorii:
1000 2799 1121 2874 mensis,

119 2901 150 2949 et
164 2885 288 2946 libertus
303 2881 430 2958 Vitellii,
446 2881 607 2958 Asiaticus,
631 2881 820 2966 Polycletos,
844 2881 1003 2947 Patmbios
1022 2900 1053 2948 et
1069 2906 1121 2948 ve-

118 2985 183 3034 tera
200 2969 350 3034 ordiorum
368 2969 489 3031 nomina
513 2970 660 3053 aequabat.
706 2968 809 3032 Nemo
825 2971 853 3034 in
870 2971 923 3034 illa
937 2969 1007 3034 aulai
1021 2972 1119 3055 probi·
1162 2973 1165 2980 '

119 3073 182 3121 tate
194 3072 246 3120 aut
256 3055 402 3120 industria
412 3056 539 3119 certavit
551 3078 558 3118 :
581 3077 675 3118 unum
692 3056 729 3119 ad
741 3057 906 3140 potentiam
920 3059 975 3121 iter
987 3059 1115 3142 prodigis

118 3145 214 3230 epulis
230 3159 260 3208 et
276 3159 376 3206 sumtu
392 3141 549 3227 generique
565 3143 672 3206 satiare
697 3143 898 3226 inexplebiles
913 3143 1026 3208 Vitellii
1053 3145 1118 3208 libi·

119 3234 216 3296 dines.
262 3229 331 3315 Ipse
347 3229 469 3292 abundis
485 3244 575 3306 ratus,
591 3230 614 3293 si
632 3233 827 3312 praesentibus
843 3230 999 3309 frueretur,
1015 3253 1072 3295 nec
1087 3233 1115 3295 in

117 3319 236 3401 longius
261 3317 444 3392 consultans,
468 3317 572 3379 novies
597 3318 704 3380 millies
730 3317 908 3394 sestertiirnr,
934 3319 1118 3401 paucissimis

118 3407 283 3480 mensibus,
300 3403 501 3468 intervertisse
517 3403 659 3466 creditur.
705 3403 819 3488 lllagna
834 3420 865 3468 et
880 3407 988 3470 misera
1003 3407 1117 3485 civitas,

119 3492 228 3557 eodem
255 3511 334 3553 anno
357 3489 513 3552 Othonem
539 3487 756 3576 Vitelliumque
781 3513 877 3575 passa,
904 3493 981 3556 inter
1002 3489 1116 3572 Vinios,

117 3579 241 3654 Fabios,
257 3575 367 3652 Icelos,
384 3577 542 3654 Asiaticos,
559 3577 641 3641 varib
663 3591 694 3641 et
719 3579 860 3662 pudendi:
881 3593 963 3642 sorte
986 3580 1113 3661 agebat,

119 3667 217 3729 donee
241 3662 415 3726 successere
441 3661 601 3727 Mucianus
625 3678 656 3728 et
682 3663 859 3744 Marcellus,
883 3681 913 3728 et
944 3663 1039 3750 magis
1069 3667 1113 3729 alii

121 3751 269 3828 homines,
285 3749 375 3834 qulam
390 3750 438 3813 alii
454 3771 563 3814 mores.
