2514 4318
103 176 168 242 218
441 172 482 238 C.
506 144 764 238 Cnanf'l'rcrrr

103 353 174 406 vate
190 361 223 404 es
248 287 400 424 rejected
423 359 535 422 easque
555 337 646 402 sedes
668 335 848 420 oocupbsse,
864 336 955 402 fidem
979 335 1119 402 faciunt.

104 361 243 494 Prndimi
259 409 401 490 Gattidet
416 426 529 488 similes
543 439 633 490 sunt:
657 445 710 488 seu
723 409 850 488 durabte
861 425 980 508 originis
989 425 1030 502 vi,
1041 446 1119 503 seu,

104 497 348 600 procurtsentibns
371 512 401 574 in
431 513 549 574 diversa
579 511 676 588 terris,
702 502 902 596 positioscoeti
930 511 1120 594 corporibus

103 603 238 666 habitum
269 600 380 662 deditr.
405 597 435 662 in
465 599 638 662 universum
667 613 770 662 tamen
800 582 968 674 aestimabti
1000 597 1119 662 Gallos

56 675 69 731 s
105 686 346 752 vicinumsolum
358 672 769 770 oocupdssemredibiieebt.
816 676 932 748 Eorum
952 705 1037 749 saera
1054 685 1118 748 de-

104 755 283 861 prehendas,
306 757 549 857 superstitionum
573 773 787 855 persuasione:
811 764 912 836 sermo
933 771 1015 834 hand
1031 771 1118 835 mul·

103 862 168 925 tirm
185 861 331 936 diversus,
346 859 377 922 in
393 848 592 944 deposcdrdis
614 859 756 942 perieulis
772 859 881 922 eadem
904 859 1043 936 audacia,
1067 873 1114 937 et,

103 947 154 1011 ubi
170 945 332 1023 advenere,
347 945 377 1008 in
394 927 596 1010 detrectabdis
608 945 716 1008 eadem
733 945 872 1008 formida.
917 945 993 1009 Plus
1005 959 1114 1010 tamen

103 1020 220 1098 ferocis
247 1032 385 1096 Britanni
412 1031 584 1114 praeierunt,
604 1045 635 1096 ut
663 1053 737 1117 quos
763 1031 899 1096 nondum
928 1032 1020 1116 longa
1043 1053 1110 1116 pax

100 1105 283 1184 emollierit:
308 1139 377 1181 nam
405 1101 512 1182 Gattds
534 1139 654 1203 quoque
677 1121 706 1182 in
729 1119 816 1182 bellis
836 1102 970 1183 floruisse
986 1119 1112 1204 accepi-

103 1229 191 1270 mus:
216 1227 288 1268 mox
303 1205 428 1287 segnitia
439 1227 510 1267 curn
527 1206 587 1268 orio
602 1206 731 1282 intravit,
747 1205 856 1268 amissit
868 1206 977 1269 virtute
993 1207 1110 1290 pariter

103 1315 139 1358 ac
158 1293 318 1371 libertate3
341 1292 421 1375 quod
438 1283 653 1354 Britannoru'm
673 1292 744 1355 olim
760 1293 843 1356 victis
865 1293 987 1356 evenit:
1010 1293 1108 1358 ceteri

103 1393 237 1457 manent,
254 1364 357 1464 quales
374 1378 454 1441 Galli
471 1377 602 1442 inerunt.
1106 1375 1108 1380 ’

24 1445 95 1542 X
145 1466 223 1531 Xll.
247 1466 282 1529 ln
298 1465 401 1552 pedite
417 1467 523 1528 robur:
549 1465 686 1550 quadam
701 1437 837 1530 innodes
852 1479 883 1530 et
897 1473 986 1530 curru
1009 1466 1122 1582 precii-l

103 1569 209 1618 antur:
234 1539 386 1616 honestior
401 1539 513 1636 aurigd,
522 1553 649 1615 clientes
664 1567 864 1636 propugnant.
886 1602 891 1621 ‚.
911 1552 995 1616 Olim
1008 1545 1115 1652 Regi)

101 1643 158 1706 bus
185 1625 341 1726 parebdnt,
368 1662 448 1703 nunc
476 1661 530 1724 per
552 1639 711 1722 Principes
733 1621 911 1702 factionibbs
937 1655 967 1704 et
998 1641 1106 1704 studiis

103 1709 278 1794 rmhuntdr:
301 1749 359 1790 neo
374 1727 455 1789 aliud
472 1725 613 1790 adversita
628 1718 822 1790 validissimas
832 1739 937 1808 gentes
953 1748 1008 1811 pro
1020 1727 1107 1790 nobis

102 1800 215 1892 aalide,
242 1813 333 1898 qudm
360 1802 494 1896 qudd‘in
517 1833 678 1918 cmnmune
705 1834 763 1875 non
787 1800 958 1913 consuirsnt,
1004 1812 1108 1876 Rarus

104 1901 219 1964 duabus
250 1901 383 1962 tribusve
412 1900 582 1963 civitatibus
612 1901 650 1963 ad
674 1899 910 1984 propulsandum
942 1921 1107 1964 commune

50 2003 56 2012 ’
102 1985 270 2072 perieulum
292 2001 478 2050 conventus:
502 1987 554 2063 ira,
578 1986 651 2048 dum
674 1986 781 2134 singuli
805 1999 950 2070 pugnant,
974 1987 1106 2050 universi

104 2088 274 2136 vrncuntur.
319 2071 440 2134 Coelum
464 2064 577 2136 crebris
599 2072 706 2136 imbrib
729 2094 744 2135 s
769 2093 805 2135 ae
828 2057 946 2135 nebirlis
968 2071 1107 2136 soedum:
1219 2067 1231 2100 ⁶

103 2159 248 2244 asperitas
263 2157 403 2242 frigorum
420 2159 516 2223 abest.
562 2159 690 2223 Diernm
705 2159 804 2242 spatia
824 2159 898 2222 ultra
914 2161 1005 2223 nostri
1025 2139 1120 2223 orbis⁷

102 2231 287 2324 mensdram,
300 2259 331 2308 et
346 2267 408 2309 nox
426 2246 507 2309 clara
523 2259 554 2309 et
565 2244 705 2310 extrema
720 2245 878 2308 Britannia
894 2229 980 2330 parre
995 2247 1105 2322 brevis,

103 2347 137 2396 ut
151 2334 241 2416 finem
259 2348 349 2418 atque
365 2332 480 2396 initium
495 2333 571 2394 lueis
586 2333 698 2416 exigno
721 2322 890 2395 disc‘rimine
906 2309 1103 2397 internosces.
1209 2315 1233 2410 'i

104 2400 260 2494 ‘Quodsi
276 2418 371 2481 nubes
387 2439 446 2482 non
462 2419 606 2495 officiant,
629 2419 720 2502 aspici
737 2439 792 2503 per
812 2433 934 2482 noctem
950 2418 1029 2481 Solis
1049 2417 1106 2481 tut-
1232 2481 1233 2492 ,

102 2527 217 2588 gorem,
233 2525 290 2568 nec
305 2503 445 2567 occidere
461 2519 493 2567 et
507 2525 681 2586 exsurgere,
704 2506 758 2568 sed
782 2505 928 2582 transire‚'
945 2507 1104 2568 affirmant.

103 2591 227 2656 Scilicet
254 2603 390 2678 extrema
416 2605 447 2652 et
474 2590 563 2674 plana
592 2605 749 2666 terrarum,
777 2592 881 2654 humili
904 2591 1021 2668 umbri,
1043 2612 1102 2654 non

103 2678 220 2758 erigunt
235 2675 386 2752 tenebras,
402 2675 536 2761 infraque
551 2678 663 2740 eoelum
677 2689 707 2740 et
723 2677 821 2740 sidera
836 2696 898 2742 nox
909 2677 1001 2741 eadit.
1047 2677 1104 2740 So·

102 2764 176 2840 lum,
201 2776 309 2847 prater
334 2762 433 2826 oleam
450 2765 601 2848 vitemque
628 2778 660 2827 et
685 2780 786 2828 cetera
807 2765 997 2828 calidioribus
1017 2764 1102 2827 terris
1218 2778 1226 2798 ⁸

103 2851 171 2914 oriri
187 2866 282 2926 sueta,
298 2850 414 2934 patiens
430 2849 560 2932 frugum,
577 2849 763 2912 ioecundum.
809 2848 914 2914 Tarde
931 2851 1001 2914 mite
1078 2864 1090 2912 t
1232 2923 1233 2940 χ

101 2937 162 3002 cito
180 2937 378 3022 proveniunt:
403 2937 510 2999 eadem
528 2937 680 3020 utriusque
694 2937 735 2999 rei
751 2957 853 3014 causa,
870 2938 981 3000 multus
998 2939 1091 3003 humo
1139 2977 1193 3020 χ

102 3039 249 3090 terrarum
264 3023 405 3107 ooeiique.
451 3021 526 3086 Fert
547 3021 703 3086 Britannia
727 3044 832 3086 aurum
856 3039 886 3087 et
901 3039 1059 3106 argentum
1076 3043 1106 3093 et
1230 3017 1233 3092 i

104 3112 162 3176 alia
178 3111 308 3185 metalla,
333 3111 461 3193 pretium
478 3110 625 3172 victoria:
650 3111 743 3193 gignit
766 3124 797 3172 et
819 3109 966 3174 Oceanus
989 3133 1105 3196 marga-

104 3199 171 3275 rita,
198 3197 252 3260 sed
285 3195 427 3260 subfusca
451 3217 487 3258 ac
517 3196 650 3260 liventia.
708 3195 842 3270 Quidam
874 3212 968 3260 artem
1000 3199 1103 3268 abesse

104 3285 272 3368 legentibus
288 3284 483 3356 arbitrantur:
508 3282 619 3344 namin
636 3283 724 3344 rubro
743 3261 815 3346 mdri
832 3284 899 3346 viva
915 3285 1103 3368 respirantia

104 3371 184 3433 saxis
201 3370 300 3445 avelli,
316 3371 344 3432 in
368 3368 534 3445 Britanniis,
552 3385 640 3453 prout
661 3369 787 3454 expulsa
811 3371 879 3446 siut,
903 3371 1025 3453 colligit
1047 3393 1101 3453 ego

105 3455 220 3519 taetrius
235 3455 426 3531 crediderim,
441 3471 578 3518 naturam
595 3456 760 3539 margaritis
779 3456 898 3535 deesse,
915 3457 1005 3541 quaim
1022 3459 1101 3522 nobis

108 3542 335 3638 avaritiam}
589 3587 594 3596 ,
654 3570 669 3606 a

149 3627 240 3692 Xlli.
264 3616 324 3712 Ipsi
341 3627 476 3690 Britanni
499 3629 651 3692 deiectum
668 3651 703 3693 ao
719 3631 829 3694 tributa
844 3645 875 3694 et
898 3630 1029 3715 injuncta
1046 3631 1102 3696 Im·

87 3717 180 3800 'perii
198 3702 321 3778 munefrr
336 3703 463 3797 impigre
486 3715 610 3795 obeunt,
632 3705 792 3802 ei‘injurid
816 3719 933 3783 absintz
955 3718 1009 3782 has
1029 3720 1101 3802 aegre
