2516 4250
118 263 161 326 52
423 258 464 324 C.
488 258 596 323 Coan.
619 257 744 322 Tacina
815 298 818 304 -
906 257 960 340 [A.
975 255 1019 320 U.
1034 259 1113 322 822.

117 425 248 490 Additus
260 423 404 508 perculsis
415 437 520 498 terror,
531 421 651 486 innectit
661 422 689 484 in
702 437 784 505 terga
800 421 994 506 pugnantium
1010 422 1120 485 classe.

117 511 161 576 lta
179 511 309 595 undique
326 511 438 573 clausi:
461 510 627 594 deletaeque
649 529 754 572 omnes
770 509 864 590 copia
880 507 986 584 forent,
1010 509 1038 570 ni
1057 509 1124 572 vic·

117 613 213 662 torem
230 597 396 660 exercitum
420 596 583 660 attinuisset
598 595 759 658 obscurum
774 595 880 672 noctis,
895 595 1028 658 obtentui
1044 592 1123 679 lugi·

118 685 246 748 entibus.

162 768 235 832 XV.
260 768 329 832 Nec
343 768 505 846 Vitelliani,
533 788 702 852 quanquam
725 767 805 844 victi,
832 767 994 851 quievere:
1017 767 1123 834 accitis

119 857 245 932 auxiliis,
257 877 396 919 secutum
410 857 526 920 hostem
539 875 575 916 ac
587 875 729 918 successu
745 876 845 917 rerum
862 853 1018 918 socordit'ts
1029 875 1124 938 agen-

117 959 180 1008 tem
206 943 367 1006 invadunt:
397 943 465 1006 caesi
489 942 602 1021 vigiles,
632 957 771 1024 perrupta
802 957 909 1017 castra,
940 941 1122 1024 trepidatum

118 1030 198 1113 apud
216 1050 326 1092 naves:
351 1030 460 1104 donec,
473 1029 603 1090 cedente
615 1027 753 1110 paulatim
767 1043 858 1102 metu,
870 1043 1020 1111 occupato
1029 1027 1121 1112 juxta

118 1115 196 1178 colle
213 1114 338 1190 desensi,
354 1136 427 1176 mox
444 1113 588 1198 irruptire.
626 1117 724 1175 Atrox
739 1113 779 1175 ibi
794 1115 905 1190 cedes,
928 1129 958 1177 et
979 1111 1122 1197 Tungra-

118 1221 184 1264 rum
201 1201 366 1263 cohortium
384 1199 535 1276 Praefecti,
551 1198 714 1262 sustentata
736 1199 786 1262 diu
810 1200 887 1276 acie,
908 1201 974 1263 telis
988 1200 1121 1263 obruun-

117 1301 176 1352 tur.
222 1286 272 1349 Ne
284 1286 462 1350 Othonianis
474 1287 594 1371 quidem
608 1286 762 1348 incruenta
778 1286 900 1349 victoria
916 1286 979 1362 suit,
992 1307 1120 1369 quorum

118 1373 285 1456 improvide
312 1389 432 1436 secutos
454 1373 591 1435 conversi
617 1373 733 1456 equites
758 1372 1033 1436 circumvenerunt.
1071 1374 1121 1436 Ao

117 1459 200 1523 velut
216 1459 310 1542 pactis
325 1459 461 1534 induciis,
488 1481 527 1521 ne
550 1458 619 1520 hinc
635 1459 748 1534 classis,
771 1459 841 1520 inde
866 1481 970 1543 eques,
993 1459 1119 1524 subitam

119 1544 309 1610 somnidinem
324 1545 477 1622 inferrent,
495 1543 645 1608 Vitelliani
662 1561 740 1607 retro
756 1545 929 1628 Antipolim,
942 1544 1122 1609 Narbonen-

120 1633 161 1696 sis
176 1631 280 1695 Galliae
297 1632 512 1716 municipium:
542 1630 705 1695 Othoniani
727 1631 951 1715 Albingaunum
976 1632 1123 1696 interioris

120 1718 261 1802 Liguria,
278 1718 441 1781 revertbre.

164 1803 253 1866 XVl.
278 1803 436 1868 Corsicam
453 1827 489 1868 ac
501 1805 680 1884 Sardiniam,
693 1822 870 1890 ceterasque
884 1807 1012 1890 proximi
1029 1806 1120 1871 maris

119 1891 240 1964 insulas,
268 1889 345 1974 sarna
371 1893 501 1954 victricis
526 1893 629 1956 classis
654 1894 683 1954 in
711 1895 841 1977 partibus
864 1891 992 1956 Othonis
1017 1893 1121 1956 tenuit.

121 1976 184 2040 Sed
202 1975 359 2039 Corsicam
388 1977 480 2061 prope
505 1978 609 2040 afflixit
625 1977 756 2046 Decumi
774 1977 892 2040 Pacarii
915 1977 1124 2043 Procuratoris

119 2063 281 2138 temeritas,
297 2062 379 2126 tantia
395 2065 473 2125 mole
489 2062 568 2138 belli,
591 2064 662 2124 nihil
679 2064 706 2124 in
723 2084 871 2124 summam
888 2061 1051 2144 profutura,
1067 2065 1123 2148 ipsi

119 2149 255 2213 exitiosa.
302 2147 454 2233 Namque,
471 2147 599 2210 Othonis
619 2149 699 2224 odio,
715 2148 823 2232 juvare
838 2146 991 2208 Vitellium
1007 2147 1123 2212 Corso-

119 2257 186 2300 rum
203 2236 312 2299 viribus
324 2237 432 2310 statuit,
449 2234 527 2295 inani
543 2234 664 2308 auxilio,
680 2235 771 2295 etiam
788 2233 811 2296 si
826 2233 1022 2316 provenisset.
1056 2231 1123 2298 Vo-

119 2325 193 2386 catis
214 2322 396 2406 principibus
418 2320 530 2394 insutae,
554 2319 708 2381 consilium
726 2320 840 2402 aperit:
868 2333 897 2382 et
912 2320 1120 2383 contradicere

121 2417 220 2484 ausos,
237 2406 400 2471 Claudiurn
414 2405 595 2482 Phirricum,
611 2404 826 2468 Trierarchum
840 2403 1069 2469 Liburnicarum
1081 2407 1122 2470 ibi

120 2495 251 2570 navium,
275 2492 431 2566 Quintium
456 2490 593 2566 Certum,
622 2489 764 2576 Equitem
789 2491 974 2568 Romanum,
997 2492 1123 2555 interfici

116 2579 220 2666 jubet:
246 2601 372 2664 quorum
390 2595 484 2641 morte
500 2577 644 2654 exterriti,
661 2579 709 2662 qui
727 2579 859 2655 aderant,
872 2578 959 2640 simul
974 2579 1075 2660 ignara
1090 2592 1122 2641 et

121 2666 207 2729 alieni
225 2664 322 2729 mettis
337 2667 419 2729 socia
435 2665 637 2748 impetitorum
654 2665 749 2742 turba,
765 2666 793 2727 in
810 2666 900 2728 verba
917 2663 1027 2726 Vitellii
1038 2664 1122 2748 jura·

121 2751 205 2814 vtire.
252 2753 326 2829 Sed,
340 2753 388 2814 ubi
402 2751 552 2815 delectum
565 2764 654 2834 agere
671 2751 825 2828 Pacarius,
842 2768 871 2815 et
886 2751 1052 2814 inconditos
1068 2749 1123 2813 ho·

120 2838 216 2902 mines
232 2838 353 2922 fatigare
368 2838 474 2901 militiae
491 2839 663 2900 muneribus
679 2839 808 2922 occepit,
824 2837 957 2900 laborem
973 2836 1123 2913 insolitum

120 2925 229 3008 perosi,
241 2925 441 2988 infirmitatem
458 2945 541 2988 suant
559 2925 752 3008 reputabant:
777 2925 920 2987 ‘insulam
938 2944 1015 2997 esse,
1033 2943 1123 3006 quam

105 3006 305 3088 incolerent?
331 3028 360 3075 et
384 3011 493 3094 ‘longe
510 3010 704 3089 Germaniam
723 3011 861 3095 viresque
883 3011 1053 3090 legionum:
1078 3009 1124 3072 di·

119 3113 220 3180 reptos
235 3113 424 3182 vastatosque
439 3100 546 3174 classe,
570 3099 658 3160 etiarn
676 3120 751 3182 quos
771 3099 909 3160 cohortes
925 3096 1037 3178 alaeque
1054 3116 1123 3178 pro·

120 3183 277 3266 tegerent?
324 3181 366 3248 Et
378 3185 473 3247 aversi
491 3185 614 3267 repente
631 3185 738 3246 animi:
764 3206 821 3246 nec
837 3199 936 3246 tamen
954 3180 1058 3264 aperti
1073 3181 1102 3243 vi
1112 3203 1123 3260 ς

121 3286 222 3354 aptum
238 3285 356 3354 tempus
368 3271 480 3334 insidiis
495 3269 607 3352 legere.
653 3269 815 3350 Digressis,
826 3269 875 3352 qui
892 3267 1052 3329 Pacarium
1065 3266 1123 3330 sre-

121 3357 313 3440 quentabant,
325 3358 424 3419 nudus
440 3371 469 3418 et
485 3357 585 3418 auxilii
601 3356 698 3440 inops,
712 3355 835 3417 balineis
850 3353 1039 3432 interficitur3
1063 3368 1123 3417 tru-

120 3442 210 3505 cidati
227 3458 256 3506 et
278 3445 414 3506 comites
453 3441 573 3526 Capita,
590 3458 621 3504 ut
638 3443 776 3515 hostium,
793 3441 847 3524 ipsi
864 3439 1068 3502 interfectores
1083 3440 1122 3502 ad

121 3527 275 3592 Othonem
291 3529 405 3592 tuldre:
435 3550 535 3612 neque
559 3549 612 3592 eos
627 3543 677 3590 aut
692 3526 775 3589 Otho
799 3526 919 3610 praemio
940 3526 1048 3601 affecit,
1072 3540 1128 3599 ant

120 3615 232 3698 punivit
251 3613 399 3694 Vitellius,
415 3615 443 3678 in
460 3613 555 3678 multi
568 3614 698 3678 colluvie
713 3633 819 3676 rerum
829 3611 990 3699 majoribus
1005 3611 1123 3696 flagitiis

120 3716 295 3786 permixtos.

1243 3397 1252 3686 l
