2508 4254
149 183 213 248 los
452 179 494 246 C.
510 181 621 246 Coae.
637 181 762 246 Trou-1
940 185 992 268 [A.
1008 183 1052 248 U.
1068 187 1145 250 822.
1204 153 1209 184 Ἀ

147 341 229 412 saxis
243 345 382 410 hostilem
398 346 495 410 aciem
512 347 682 432 proruebat,
696 345 817 432 lateque
833 347 952 412 cladem
973 349 1151 428 intulissent,

148 436 178 498 ni
190 435 251 497 duo
268 435 385 510 milites,
397 434 572 518 preclarum
589 433 704 497 lacinus
720 435 794 510 ausi,
804 436 929 520 arreptis
943 451 1072 517 estrage
1084 458 1151 501 sen·

148 523 184 586 tis
200 521 337 602 ignorati,
352 521 451 584 vincla
467 543 502 584 ac
518 522 697 586 libramenta
707 535 924 585 tormentorum
938 521 1150 587 abscidissem:

148 609 248 672 statim
272 605 503 684 confessisunt,
530 606 629 692 ebque
653 608 832 672 intercidere
855 609 993 672 nomina:
1018 610 1056 672 de
1072 609 1152 674 sacto

40 763 41 766 ,
150 695 231 758 haud
247 695 417 776 ambigitur.
461 693 578 758 Neutro
594 695 788 760 inclinaverat
798 693 925 774 senuna,
935 696 1032 759 donee
1049 696 1154 760 adulta

150 798 252 858 nocte,
263 782 333 844 luna
350 802 473 863 surgens
488 782 663 846 ostenderet
678 783 758 844 acies
774 781 962 868 falleretque.
1000 782 1063 846 Sed
1080 782 1154 846 Fla·

151 870 245 931 vienis
261 869 404 953 aequiora
424 884 528 950 tergo:
560 869 629 931 binc
653 867 781 954 majores
795 891 942 954 equorum
959 869 1152 956 virorumque

151 956 274 1031 umbrae,
286 971 316 1018 et
329 953 412 1031 salse,
429 970 461 1018 ut
476 955 506 1018 io
521 976 658 1040 corpora,
669 956 810 1032 ietu‚tela
826 957 957 1020 bostium
972 957 1048 1020 citrd
1062 958 1155 1020 eade·

149 1043 239 1106 bant:
263 1040 429 1118 Vitelliani,
453 1043 582 1106 adverso
598 1043 711 1106 lumine
726 1042 925 1121 collucentes,
949 1043 1031 1108 velut
1046 1065 1088 1107 ex
1104 1065 1156 1108 oc·

150 1129 234 1193 culto
244 1127 456 1212 jaculantibus,
472 1129 582 1192 incauti
597 1129 810 1192 offerebantur.
1000 1143 1003 1150 '

195 1212 321 1278 XXIV.
345 1211 440 1297 Igitur
459 1215 621 1291 Antonius,
643 1216 693 1279 ubi
712 1237 838 1280 noscere
853 1237 925 1280 suos
939 1217 1086 1302 noscique
1101 1239 1157 1303 po·

151 1316 239 1379 terat,
255 1301 328 1364 alios
343 1301 458 1385 pudore
473 1317 504 1364 et
519 1303 644 1386 probris,
660 1303 768 1366 multos
791 1303 881 1366 laude
897 1305 1073 1380 erbertum,
1089 1327 1157 1368 om·

151 1411 205 1452 nes
225 1410 279 1472 spe
297 1389 511 1474 promissisque
535 1389 717 1466 accendens,
747 1397 821 1454 ‘cur
846 1411 962 1453 rursum
978 1391 1160 1454 sumsissent

152 1497 234 1540 erma
244 1474 266 1538 i’
302 1473 494 1540 Pannonicas
505 1475 640 1558 legiones
653 1476 872 1559 interrogabat:
897 1477 980 1540 ‘illos
992 1499 1059 1540 esse
1071 1499 1160 1540 eem-

151 1583 217 1650 pos,
233 1563 262 1626 in
279 1563 387 1648 quibus
402 1563 523 1630 abolere
538 1563 637 1626 labem
650 1563 758 1647 prioris
772 1563 952 1646 ignominia,
973 1564 1023 1626 ubi
1039 1563 1160 1650 recipe·

151 1671 217 1714 rare
229 1650 354 1734 gloriam
371 1647 515 1734 possent.'
560 1648 643 1712 Tum
659 1649 698 1712 ad
710 1648 1041 1728 Moesieosconsersus,
1058 1651 1161 1736 ‘prio-
1206 1644 1208 1665 '

151 1739 234 1822 cipes
258 1753 457 1821 auctoresque
484 1735 565 1798 belli'
588 1736 706 1799 ciebat:
742 1735 871 1800 ‘srustrrl
893 1737 981 1800 minis
1003 1752 1033 1801 et
1056 1738 1159 1802 verbis

153 1838 332 1910 provocatos
349 1821 540 1900 Vitellianos,
551 1823 576 1886 si
589 1843 811 1894 manuseomm
826 1823 992 1908 oculosque
1006 1845 1066 1886 aon
1078 1825 1159 1888 tole·

151 1911 270 1976 rarent.’
316 1908 403 1986 Hae,
426 1925 458 1974 ut
475 1931 610 1995 quosque
633 1924 818 1974 accesserat:
847 1910 932 1994 plura
947 1910 984 1973 ad
1002 1911 1159 1990 tertianos,

154 2014 290 2062 veterum
320 1997 549 2080 recentiumque
579 1996 765 2060 admonens:
802 2012 834 2061 ut
857 1997 936 2060 ‘sub
958 1995 1004 2060 Μ.
1022 1998 1160 2062 Antonio
1203 1995 1204 2000 ’

57 2107 62 2118 ’
153 2085 295 2162 Parthos,
315 2083 371 2146 sub
387 2081 563 2146 Corbulone
581 2083 753 2159 Armenios,
779 2104 876 2167 nuper
891 2083 1043 2147 Sarmatae
1059 2106 1160 2168 pepu-

153 2170 280 2236 lissent.’
325 2168 402 2234 Mox
425 2169 567 2234 infensius
590 2169 799 2234 Pretorianis:
828 2168 922 2234 ‘Vos’
948 2171 1053 2256 ioqoit,
1080 2173 1159 2235 ‘nisi

155 2257 282 2334 vincitis,
298 2258 417 2340 pagani,
433 2257 589 2342 quisalius
609 2255 786 2340 Imperator,
801 2279 866 2342 que
887 2271 984 2321 eastra
999 2257 1057 2320 alia
1072 2259 1160 2322 exci-

154 2345 259 2431 pient?
282 2344 342 2408 illic
354 2343 439 2426 signa
454 2364 597 2428 armaque
610 2358 709 2407 restra
723 2357 803 2421 sunt,
813 2357 844 2406 et
860 2365 940 2408 mors
956 2344 1063 2408 victis:
1086 2365 1158 2408 nam

155 2430 348 2516 ignominiam
364 2429 591 2494 consumsistisss
637 2427 782 2515 Undique
807 2431 943 2494 elamor:
965 2444 996 2494 et
1010 2431 1159 2495 orientem
1202 2482 1204 2488 ,

155 2520 250 2584 selem
268 2517 323 2597 (ita
335 2517 364 2579 io
380 2514 471 2600 Syrid
482 2537 548 2580 mes
559 2515 621 2602 est)
638 2516 755 2580 tertiani
771 2516 950 2580 salutavere.

198 2602 308 2670 XXV.
330 2603 436 2686 Vagus
451 2603 533 2681 inde,
556 2625 594 2666 an
620 2603 746 2668 consilio
770 2603 868 2667 Ducis
893 2603 1029 2666 subditus
1045 2625 1159 2684 rumor,

156 2691 335 2758 ‘advenisse
350 2689 549 2770 Mucianum
571 2691 723 2754 exercitus
739 2690 869 2754 invicem
892 2689 1037 2754 salutasse
1049 2690 1068 2753 :'
1093 2713 1162 2772 gra·

156 2781 228 2844 dum
251 2776 392 2855 inserunt,
416 2778 499 2862 quasi
515 2777 687 2841 recentibus
710 2777 828 2840 auxiliis
849 2777 947 2854 ancti;
971 2777 1081 2840 rariore
1093 2777 1161 2864 jam

154 2866 384 2932 Vitellianorum
400 2865 476 2942 acie,
500 2879 532 2930 ut
558 2885 643 2950 quos,
667 2863 751 2927 nullo
766 2878 894 2941 rectore,
917 2885 988 2952 sans
1004 2886 1161 2950 quemque

155 2957 287 3039 impetus
318 2953 366 3016 vel
398 2973 491 3036 paror
516 2951 708 3016 contraheret
729 2950 936 3014 diduceretve.
976 2949 1160 3035 'Postquam

156 3041 311 3128 perculsos
325 3039 418 3104 sensit
431 3039 593 3115 Antonius,
608 3038 703 3102 denso
714 3038 833 3120 agmine
845 3038 1044 3102 obturbabat:
1065 3039 1162 3104 laxati

155 3129 275 3194 ordines
290 3128 526 3209 abrumpunturt
557 3146 615 3188 neo
637 3125 750 3188 restitui
767 3124 902 3210 quivere,
924 3125 1161 3208 impedientibus

156 3215 301 3279 vehiculis
317 3213 543 3296 tormentisque.
588 3211 650 3274 Per
665 3211 790 3274 limitem
808 3212 861 3275 vie
876 3225 1067 3294 sparguntur,
1085 3234 1162 3276 eorr-

155 3301 292 3368 sectandi
315 3297 517 3375 festinatione,
539 3298 676 3360 victores.
724 3296 773 3360 Ed
789 3298 947 3362 notabilior
968 3297 1068 3361 cedes
1094 3297 1161 3378 snit,

156 3390 224 3476 quie
239 3387 315 3450 filius
327 3399 442 3470 patrem
455 3383 614 3449 interfecit.
647 3383 729 3448 Rem
743 3386 934 3469 nominaque,
946 3399 1068 3448 auctore
1082 3383 1162 3470 Vip-

155 3494 243 3542 stano
265 3471 422 3548 Messalla,
447 3471 573 3536 tradam.
618 3470 716 3535 Julius
732 3471 921 3548 Mansuetm,
942 3493 982 3534 ex
999 3469 1160 3556 Hispania,

156 3559 275 3647 Rapaci
292 3559 401 3642 legioni
418 3558 548 3636 additus,
574 3558 729 3642 impubem
744 3559 836 3622 filium
849 3557 941 3622 'domi
965 3557 1113 3642 liquerat:
1135 3561 1160 3623 is

156 3670 230 3714 mox
250 3646 380 3723 adultus,
394 3645 482 3710 inter
495 3645 679 3732 septimanos
706 3666 724 3708 a
750 3645 850 3708 Garbe
864 3645 1060 3728 conscriptus,
1076 3646 1161 3709 obla·

150 3753 221 3804 tum
241 3732 317 3799 sorte
343 3747 458 3818 patrem
485 3748 516 3798 et
542 3733 668 3798 vulnere
689 3745 827 3812 stratum,
854 3733 925 3798 dum
952 3731 1160 3798 semianimem
