2556 4446
430 345 432 350 ’
494 363 747 414 ιοιιιμιιοοι
771 363 823 408 ιιι.
1093 337 1163 410 289
1241 331 1242 410 J

190 505 281 560 tritta
290 505 463 574 scriptitabat]
498 505 640 578 Ambigua,
654 505 723 560 nihil
733 504 835 558 certitu
846 503 998 558 alterutram
1007 511 1109 568 partem
1118 500 1163 554 de·

158 588 284 642 finientia.

190 671 319 744 Maturo
332 672 448 734 orbatio
462 672 622 736 rescripsere]
656 670 910 738 Eascripsere,que
923 667 1068 721 Mucianus
1077 668 1165 732 vellet,
1241 681 1242 694 ¹

160 769 216 820 qua
226 755 276 819 ipsi
287 762 364 818 grata
374 763 468 806 casem.

191 836 309 889 Seeraa
325 835 666 901 AEgreitpotidotoaias]
701 833 834 887 Intellexit
844 833 985 896 Antonius,
995 831 1090 896 gelidis
1101 830 1166 884 Ves-
1241 881 1242 886 ,

160 919 265 982 pasiani
274 919 413 983 responsis,
424 933 453 970 se
463 919 537 970 nulla
544 921 599 983 jam
610 917 679 982 apud
690 931 750 966 eum
761 916 847 978 gratie
860 917 954 968 valere.

192 1001 307 1052 Sectbb.
329 1002 552 1062 QuiMcooaiarn
568 998 709 1060 insederat]
745 999 988 1061 mercatorum
1005 996 1035 1048 os
1053 995 1167 1060 Umbrio,

160 1097 225 1134 near
235 1083 278 1134 the
288 1083 447 1145 Clitumnus,
459 1098 475 1132 a
485 1083 557 1134 river
566 1083 622 1132 that
632 1096 695 1133 runs
705 1081 772 1130 from
784 1089 840 1132 east
851 1089 876 1132 to
885 1089 948 1135 west
956 1081 1011 1130 into
1022 1079 1065 1130 the
1075 1080 1167 1130 Tiber.

193 1165 261 1214 Sect.
272 1166 312 1216 57.
329 1165 482 1214 maturata
498 1164 589 1228 ageas]
624 1163 781 1227 Minturnae,
791 1177 808 1216 a
819 1173 888 1214 town
899 1177 933 1214 on
950 1161 994 1214 the
1005 1162 1122 1214 confines
1140 1160 1170 1212 ο1

161 1247 317 1312 Campania,
327 1259 392 1296 near
400 1245 443 1296 the
454 1246 525 1296 river
534 1246 613 1296 Liris.

194 1329 262 1378 Soet.
274 1329 314 1378 58.
332 1330 378 1378 Ea
387 1328 521 1380 simulatio
533 1328 620 1392 euticii]
655 1327 695 1380 Ea
705 1327 840 1379 simulatio
848 1327 928 1378 officii
934 1326 1051 1390 equitum
1061 1333 1086 1378 et
1093 1326 1169 1376 liber-

161 1411 284 1472 tinorum,
296 1409 436 1460 Vitellium
444 1410 477 1460 ad
486 1409 514 1461 id
528 1410 681 1474 adduxerat,
692 1419 719 1460 ut
729 1406 847 1461 crederet
855 1409 961 1465 officia
952 1423 1024 1473 Jussa
1033 1417 1058 1461 et
1069 1423 1085 1458 a
1096 1417 1168 1458 meta

161 1491 286 1554 prolecta,
297 1493 420 1544 amicitia
430 1507 523 1546 verum
532 1509 588 1544 esse
598 1493 735 1546 indicium.
768 1491 806 1542 At
816 1499 893 1554 certo,
905 1506 928 1542 si
921 1487 988 1542 non
1001 1491 1112 1554 Vitellrr,
1121 1491 1171 1542 sal

160 1583 213 1624 tem
224 1575 390 1639 imperatoris
399 1590 455 1624 sors
467 1583 523 1624 arat
533 1575 655 1625 dolenda.

193 1657 260 1705 Sect.
269 1658 308 1705 6⁰.
328 1655 560 1716 Corratasoertcre]
582 1657 731 1720 cursatea
741 1662 810 1706 town
818 1655 849 1706 os
856 1617 976 1718 Umbria,
983 1655 1061 1706 about
1071 1661 1167 1720 twenty

160 1737 236 1785 miles
246 1735 313 1782 from
325 1735 466 1797 Mevania;
484 1749 544 1784 now
555 1736 582 1786 in
595 1735 676 1786 ruins,

192 1817 293 1866 Prode
302 1831 380 1878 qaum
386 1817 575 1879 periculorum]
611 1817 813 1882 Supplepotc'or.

191 1897 346 1961 Ambigatus]
380 1898 458 1948 Fidei
474 1897 545 1948 haud
555 1899 636 1948 firme
648 1899 676 1948 in
687 1899 836 1964 Vitellium,
853 1901 876 1951 si
888 1901 995 1951 daretur
1006 1901 1038 1950 iis
1053 1900 1168 1965 spatium

161 1980 335 2042 deliberandi;
354 1995 423 2029 acres
434 1988 459 2030 ot
470 1979 646 2044 vehementes,
657 1981 680 2039 si
694 1981 817 2032 festinata
827 1985 1020 2048 oppugnatione
1031 1983 1064 2034 ad
1082 1983 1170 2048 despe-

161 2064 290 2114 rationem
301 2062 477 2126 adigerentur.

193 2145 308 2196 Sect.63.
320 2145 593 2208 SecretaCompaac‘a]
611 2145 640 2198 Id
647 2153 693 2208 est,
699 2146 787 2196 locum
795 2147 822 2196 in
829 2146 980 2218 Campania
988 2148 1169 2199 littoribusubi

159 2231 189 2279 in
197 2228 337 2278 solitudine
348 2229 497 2292 tranquilla,
505 2237 619 2279 remotas
626 2244 643 2278 a
652 2230 728 2279 turba
736 2229 880 2293 hominum,
889 2245 974 2282 evum
983 2246 1062 2294 agere
1073 2238 1168 2294 posset.

195 2311 262 2360 Sect.
274 2311 313 2360 64.
333 2311 451 2361 Servitia
460 2311 586 2372 ipsorum]
622 2312 681 2361 Hoo
693 2305 805 2360 refertur
815 2311 848 2360 ad
856 2313 990 2374 primores.

193 2392 262 2442 Sect.
274 2393 312 2442 65.
330 2391 762 2458 Affectcmejusfldemprojaoissc]
798 2393 871 2444 Idest
873 2407 933 2458 pro
942 2409 973 2443 eo
981 2393 1097 2458 solvisse,
1108 2407 1169 2443 cum
1241 2453 1242 2456 Ἴ

161 2475 263 2524 solvere
273 2474 445 2524 creditoribus
456 2488 508 2523 non
520 2483 613 2538 posset.

193 2555 358 2620 Affectajidcs
367 2555 463 2606 dicitur
471 2556 593 2636 laborans
604 2572 638 2608 ex
648 2557 738 2623 inopia
749 2538 875 2622 pecunia,
887 2571 939 2622 qua
949 2531 1121 2608 creditoribus
1131 2570 1171 2605 sa-

162 2637 248 2688 tistiat.

194 2721 333 2784 Prpigcre]
368 2721 463 2770 Rotam
482 2729 506 2770 et
522 2694 714 2773 immutabilem
729 2724 877 2788 pactionem
892 2723 994 2787 lecere3
1012 2721 1076 2786 quid
1090 2719 1169 2772 suerit

162 2804 228 2854 illud
240 2805 345 2865 pactum
356 2816 409 2850 non
421 2801 500 2849 refert
511 2801 631 2850 Tacitus.

194 2883 262 2932 Soet.
275 2881 315 2930 66.
333 2883 375 2928 Ito
382 2870 530 2942 periculam
540 2895 571 2928 erc
582 2881 774 2942 misericordia]
809 2883 836 2933 11
840 2884 988 2948 Vespasian
999 2886 1112 2936 suffered
1124 2884 1171 2934 Vi·

162 2965 250 3016 tellius
261 2971 287 3013 to
297 2962 404 3012 survive
415 2961 456 3011 his
466 2961 607 3025 grandeur,
619 2961 670 3010 and
682 2961 761 3010 livea
776 2963 877 3026 private
888 2965 990 3025 citizen,
1005 2979 1066 3014 men
1081 2966 1169 3016 would

163 3049 263 3098 ascribe
273 3047 293 3096 it
303 3053 330 3096 to
341 3045 414 3110 pride
425 3045 477 3094 and
495 3057 647 3107 arrogance,
664 3043 716 3092 and
732 3043 775 3092 the
785 3044 949 3106 vanquished
959 3046 1046 3095 would
1055 3054 1100 3095 not
1110 3048 1169 3097 sub-

162 3132 211 3181 mit
221 3139 246 3180 to
257 3145 300 3179 see
311 3128 378 3178 their
389 3141 509 3192 emperor
519 3141 536 3175 a
546 3127 631 3189 living
642 3125 768 3189 reproach
779 3133 805 3175 to
821 3126 888 3176 their
899 3127 984 3178 whole
1001 3135 1089 3192 party;
1108 3129 1167 3190 and,

162 3212 355 3276 consequently,
365 3210 480 3260 Vitelius
490 3208 577 3260 would
587 3209 618 3258 be
634 3208 662 3258 in
671 3208 770 3272 danger
786 3207 853 3258 srom
865 3208 908 3258 the
919 3209 1130 3260 commiseration
1144 3210 1173 3260 ο1

162 3294 203 3346 lus
214 3295 320 3346 lr1ends

197 3380 264 3426 Cam
280 3376 400 3426 Vctelhus
409 3376 505 3438 collega
516 3371 628 3422 Claudio
634 3373 710 3434 soret]
745 3371 884 3422 Vitellium
895 3378 995 3436 patrem
1007 3372 1134 3437 intellige.

194 3459 263 3508 Sect.
274 3458 313 3507 68
337 3457 410 3508 Velut
420 3455 478 3518 jos]
514 3454 649 3516 Consules,
671 3455 718 3502 sub
739 3453 946 3518 imperatoribus,
967 3453 1131 3518 eligebantur
1153 3471 1169 3507 a

161 3548 262 3591 senatu.
296 3537 421 3588 Vitellrus
429 3535 624 3599 abussnaJura
632 3535 778 3598 repetendo,
788 3535 1069 3599 reipublrcaernstitntvs
1077 3537 1168 3588 suffra
1241 3581 1242 3588 ,

162 3629 246 3686 gatur,
257 3629 282 3670 et
290 3633 396 3670 summa
405 3626 509 3682 patrum
518 3617 638 3682 potentie
651 3631 725 3680 quasi
718 3617 805 3668 laces
815 3618 951 3668 submittit.

193 3702 261 3752 Soet
271 3703 310 3752 71.
328 3698 673 3762 Immineatiosorotcmpto]
709 3699 864 3753 Tbeforum
874 3704 1168 3764 wassurroundedbya

160 3785 271 3835 number
287 3782 318 3832 ο1
325 3782 461 3846 Temples;
479 3781 544 3832 such
558 3796 587 3832 as
597 3781 640 3832 the
652 3781 764 3846 Templa
780 3783 810 3832 ol
823 3784 947 3848 Fortune,
959 3786 990 3836 of
1002 3786 1103 3851 Jupiter
1115 3782 1168 3832 To·

165 3881 240 3930 nans,
250 3865 280 3916 ol
288 3865 392 3928 Sarum,
401 3864 444 3915 the
457 3865 568 3930 Temple
579 3863 609 3915 os
615 3863 744 3929 Ooneord,
755 3865 808 3916 and
817 3869 920 3918 several
928 3869 1023 3920 others.

637 3950 680 4012 25
