2516 4250
153 247 196 312 58
492 244 532 312 C.
556 244 666 312 Coan.
688 243 813 312 Taeter
945 248 999 332 [A.
1016 245 1059 312 U.
1075 249 1160 314 82⁸2.

152 407 296 486 turbidas,
312 430 358 487 ac,
375 409 398 473 si
413 407 474 472 und
486 407 591 486 lerant,
603 409 788 494 prevalidas,
798 409 990 494 dispergendi
1003 433 1013 484 3
1032 429 1159 495 partem

153 495 338 560 Batavorum
354 497 419 560 ‘ire
435 496 464 558 in
487 495 662 560 subsidinm’
682 495 781 582 jubet.
827 495 920 570 Quod
945 497 993 562 ubi
1017 498 1160 562 auditum

154 583 377 666 vulgatumque,
402 604 531 646 maerere
553 583 636 658 socii,
661 581 790 646 fremere
819 582 971 665 legiones:
995 585 1092 648 orbari
1121 606 1159 648 se

153 670 378 734 fortissimorum
393 668 522 732 virorum
538 670 670 732 auxilio:
693 684 812 734 veteres
827 670 892 733 illos
904 685 935 732 et
947 685 991 733 tot
1005 671 1156 734 bellorum

153 756 292 832 victores,
306 771 461 840 postquam
478 756 506 818 in
522 771 687 839 conspectu
703 755 739 820 sit
755 755 859 832 hostis,
870 757 950 822 velut
964 779 1005 820 ert
1021 757 1086 820 acie
1102 758 1160 822 ab·

154 843 247 906 duci:
268 843 292 905 si
310 843 459 925 provincia
475 843 550 906 urbe
565 859 597 906 ct
612 841 706 906 salute
727 839 849 925 Imperii
873 844 968 927 potior
983 845 1031 919 sit,
1047 866 1158 908 cernes

152 929 223 994 illuc
239 945 453 1013 sequerentur:
479 929 522 992 sin
540 929 669 992 victoriae
685 928 805 1004 sanitas,
815 929 1159 1006 sustentacutnm;cotu-

153 1037 224 1080 men
248 1016 277 1078 in
305 1013 388 1080 ltalia
413 1029 592 1092 verteretur,
617 1035 676 1080 non
703 1014 935 1099 abrumpendos,
963 1033 994 1082 ut
1023 1018 1157 1102 corpori,

155 1102 352 1166 validissimos
368 1099 470 1164 artus)

198 1185 324 1252 XXIX.
350 1185 425 1250 Haec
437 1186 576 1253 ferociter
586 1187 740 1273 jactando,
753 1202 910 1271 postquam
921 1188 1059 1254 immissis
1070 1189 1157 1254 licto-

151 1275 246 1351 ribus,
262 1272 374 1336 Valens
396 1295 539 1337 coercere
562 1274 739 1338 seditionem
765 1275 928 1358 coeptabat,
951 1276 1049 1358 ipsum
1073 1277 1157 1340 inva-

154 1361 238 1438 dunt,
249 1382 324 1424 sara
334 1360 459 1445 jaciunt,
476 1359 639 1444 fugientem
655 1375 829 1445 sequuntur,
846 1362 961 1444 ‘spolia
984 1362 1153 1428 Galliarum

155 1463 187 1512 et
200 1445 417 1510 Viennensium
428 1468 532 1510 aarum
549 1462 579 1510 et
594 1447 687 1531 pretia
699 1447 833 1510 laborum
844 1469 965 1512 suorum
978 1449 1155 1526 occultare,'

152 1533 350 1608 clamitantes,
367 1532 488 1616 direptis
510 1534 643 1609 sarcinis,
659 1533 849 1597 tabernacula
873 1533 980 1610 Ducis,
996 1535 1156 1620 ipsamque

155 1621 280 1686 humum
307 1619 373 1702 pilis
398 1635 429 1682 et
454 1619 565 1684 lanceis
592 1619 790 1686 rimabantur:
814 1642 884 1684 nam
910 1619 1025 1686 Valens
1055 1623 1156 1686 servib'

155 1721 239 1772 veste
256 1705 335 1789 apud
351 1704 557 1770 Decurionem
578 1707 711 1791 equitum
727 1707 893 1790 tegebatur.
938 1707 1021 1772 Turn
1037 1704 1157 1794 Alpbe·

154 1815 211 1858 nus
222 1791 331 1868 Varus,
343 1791 507 1856 Praefectus
522 1809 698 1871 castrorum,
710 1793 893 1876 deflagrante
910 1795 1052 1876 paulatim
1074 1795 1158 1860 sedi·

155 1879 246 1956 tione,
263 1879 346 1942 addit
368 1879 536 1956 consilium,
556 1879 652 1944 vetitis
673 1879 757 1943 obire
779 1881 891 1962 vigilias
907 1879 1154 1958 centurionibus,

155 1965 266 2028 omisso
282 1965 358 2027 tubae
374 1986 458 2040 sono,
475 1987 535 2049 quo
551 1965 639 2030 miles
655 1967 691 2030 ad
710 1966 779 2028 belli
795 1967 895 2028 munia
911 1967 1017 2030 cietur.
1063 1967 1157 2050 igitur

154 2066 272 2134 torpere
288 2051 399 2126 cun-eti,
410 2050 663 2135 circumspectare
675 2052 750 2115 inter
759 2071 791 2114 se
805 2051 936 2114 attoniti:
960 2066 990 2114 et
1001 2052 1031 2112 id
1044 2053 1155 2133 ipsum,

155 2135 237 2222 qubd
253 2158 343 2199 nemo
359 2151 486 2216 regeret,
504 2153 666 2222 paventes:
690 2136 819 2212 silentic,
836 2134 988 2218 patientia,
1003 2139 1158 2218 postremb

155 2222 295 2307 precibus
311 2243 346 2284 ac
361 2223 502 2306 lacrymis
512 2225 630 2288 veniam
647 2222 829 2307 quaerebant.
874 2217 918 2282 Ut
930 2218 1002 2286 verb
1013 2220 1156 2288 deformis

155 2322 187 2372 et
198 2307 274 2372 flens
284 2322 315 2370 et
327 2324 433 2392 preter
441 2331 527 2394 spem
539 2308 696 2373 incolumis
710 2305 824 2370 Valens
837 2307 991 2390 processit,
1000 2308 1155 2390 gandium,

155 2395 316 2472 miseratio,
333 2394 434 2458 saver:
460 2397 536 2460 versi
559 2396 587 2458 in
604 2393 746 2470 laetitiam,
766 2392 814 2476 (ut
829 2407 875 2456 est
897 2393 1004 2476 vulgus
1026 2408 1155 2479 utroque

154 2480 376 2564 immodicum)
393 2481 550 2546 laudantes
572 2492 794 2564 gratantesque,
817 2479 1034 2544 circumdatum
1050 2481 1155 2566 aquilis

154 2567 305 2652 signisque
317 2569 345 2630 in
359 2568 486 2630 tribuual
499 2567 607 2630 lerunt.
653 2564 709 2628 Ille
719 2566 782 2628 utili
793 2565 997 2630 moderatione
1013 2589 1072 2632 non
1084 2589 1156 2652 sup·
1247 2593 1248 2600 ¹

154 2653 277 2738 plinium
293 2653 471 2739 cujusquam
495 2652 649 2736 poposcit:
673 2673 708 2714 ac
723 2673 762 2714 ne
778 2652 966 2716 dissimulans
988 2655 1156 2736 suspectior

154 2737 241 2817 forat,
253 2762 364 2824 paucos
376 2739 522 2802 incusavit
535 2760 541 2801 :
558 2759 668 2821 goarus
679 2738 816 2802 civilibus
829 2739 913 2802 bellis
924 2740 991 2824 plus
1001 2741 1154 2819 militibus,

152 2825 246 2911 quiam
263 2826 411 2900 Ducibus,
428 2825 531 2888 licere.

201 2911 315 2976 XXX.
341 2911 548 2975 Munientibus
571 2925 668 2976 castra
692 2911 773 2995 apud
799 2909 954 2990 Ticinum,
985 2912 1023 2974 de
1050 2911 1156 2976 aversi

155 2997 285 3062 Caecinae
302 2997 404 3081 pugna
416 2999 549 3076 allatum,
561 3013 591 3062 et
602 2997 696 3083 prope
706 3013 849 3062 renovata
858 2999 975 3076 seditio,
992 3005 1155 3082 ‘tanquam

152 3083 258 3150 fraude
271 3099 301 3147 et
313 3086 552 3148 cunctationibus
564 3083 702 3148 Valentis
715 3085 816 3168 praelio
828 3085 1015 3149 defuissent!
1062 3083 1154 3150 Nolle

155 3172 301 3256 requiem,
318 3194 377 3234 non
400 3187 564 3256 expectare
580 3171 714 3248 Ducem,
730 3172 843 3234 anteire
865 3173 959 3254 signa,
976 3193 1082 3253 urgere
1097 3171 1156 3254 sig-

152 3257 283 3329 niferos:
322 3258 426 3342 rapido
449 3259 568 3339 agmine
595 3257 723 3322 Caecinae
742 3257 919 3343 junguntur.
965 3256 1156 3342 improspera

157 3341 294 3408 Valentis
310 3344 389 3408 sanna
401 3346 481 3428 apud
497 3345 665 3408 exercitum
682 3343 812 3408 Caecinae
828 3359 912 3408 erat:
937 3345 1154 3426 ‘expositosse

154 3431 238 3496 tantb
252 3432 406 3514 panciores
422 3432 543 3513 integris
559 3432 688 3494 hostium
702 3431 832 3508 vit·ibtts,'
846 3430 1056 3514 querebantur,
1068 3431 1155 3493 simul

155 3519 185 3581 in
195 3539 280 3580 suam
293 3518 532 3594 excusationem,
549 3532 579 3580 et
595 3517 820 3580 adventantium
837 3518 926 3580 robur
944 3539 997 3600 per
1011 3517 1155 3582 adulatio·

155 3625 225 3668 nem
247 3605 430 3680 attollentes,
451 3625 489 3666 ne
505 3619 538 3667 ut
555 3605 624 3667 victi
648 3617 679 3666 et
694 3603 792 3684 ignavi
810 3603 1068 3687 despectarentur.
1113 3601 1155 3666 Et
1247 3653 1248 3660 ,

157 3711 326 3775 quanquam
351 3691 418 3774 plus
437 3691 554 3767 virium,
578 3689 673 3774 prope
689 3689 860 3774 duplicatus
882 3691 1034 3772 legionum
1049 3689 1156 3754 *auxili
1247 3771 1248 3774 Ἴ

156 3799 302 3864 oramque
325 3798 467 3842 numerus
490 3792 554 3842 erat
577 3774 712 3854 Valenti,
731 3776 830 3842 studia
852 3791 954 3842 tamen
977 3777 1104 3842 militum
1126 3776 1154 3839 in
1247 3781 1248 3784 ’
