2516 4250
123 195 166 258 te
451 189 491 255 C.
515 189 621 256 Coss.
644 189 769 254 Tacrrr
917 192 971 276 [Α.
987 190 1030 256 U.
1047 193 1125 256 822.

170 351 393 420 LXXXVlll.
417 353 574 438 Sepositus
602 375 655 438 per
677 375 729 416 eos
758 354 822 418 dies
846 353 1008 418 Cornelius
1030 355 1129 420 Dola-

126 441 206 506 bella
222 443 251 504 in
267 440 418 504 coloniam
435 441 632 524 Aquinatem,
648 462 747 524 neque
764 440 846 504 arcti
863 442 1011 518 custodiit,
1025 452 1128 526 neque

127 526 274 592 obscuri:
299 527 413 588 nullum
430 527 469 588 ob
484 528 608 604 crimen,
625 527 678 589 sed
697 541 816 590 vetusto
831 530 952 591 nomine
964 545 994 592 et
1008 529 1130 613 propin·

129 615 242 700 quitate
259 612 364 675 Galbae
377 629 568 676 monstratus.
615 613 729 676 Multos
752 636 770 676 e
792 613 1029 697 Magistratibus,
1046 637 1130 697 mag·

128 723 197 764 nam
213 699 413 763 consularium
426 717 551 783 partem,
564 699 659 776 Otho,
670 722 728 762 non
746 702 906 785 participes
918 716 969 764 aut
981 703 1130 766 ministros

128 788 221 864 bello,
238 787 291 848 sed
307 787 451 849 comitum
468 787 581 870 specie,
597 808 699 850 secum
721 789 867 870 expedire
881 787 988 873 jubet:
1013 790 1042 852 in
1064 786 1130 872 quis

130 888 162 938 et
177 873 216 936 L.
235 871 403 948 Vitellium,
420 873 528 936 eodem
542 895 603 957 quo
624 887 742 936 ceteros
760 874 855 951 cultu,
871 897 928 937 nec
944 889 977 938 ut
997 873 1132 958 Impera·

129 961 201 1024 toris
218 959 348 1036 lratrem,
364 981 421 1022 nec
434 973 466 1021 ut
480 960 585 1022 hostis·
630 959 723 1042 Igitur
735 974 815 1023 mota
828 961 907 1023 urbis
916 983 987 1024 cura
1000 983 1006 1024 :
1032 961 1131 1024 nullus

130 1047 204 1112 ordo
229 1061 310 1108 metu
332 1059 383 1108 aut
407 1046 540 1128 periculo
563 1067 695 1109 vacuus:
721 1047 865 1129 primores
890 1047 1021 1110 Senatris
1044 1063 1132 1110 aetate

131 1133 253 1198 invalidi
269 1146 300 1194 et
323 1131 413 1212 longia
438 1153 513 1216 pace
532 1133 670 1196 desides:
695 1134 795 1214 segnis
818 1149 849 1196 et
871 1133 963 1196 oblita
986 1134 1133 1196 bellorum

129 1221 289 1296 nobilitas;
312 1218 431 1300 ignarus
454 1219 564 1282 militiae
581 1218 703 1302 Eques:
728 1219 840 1304 quantb
864 1219 958 1302 magis
980 1221 1133 1284 occultare

132 1321 163 1370 et
188 1306 299 1370 abdere
323 1326 466 1388 pavorem
494 1306 674 1382 nitebantur,
698 1305 882 1368 manifestius
907 1307 1018 1390 pavidi.
1064 1305 1133 1369 Nec

133 1395 258 1456 deerant
273 1413 290 1454 e
305 1393 464 1466 contrario,
478 1393 527 1476 qui
544 1392 706 1454 ambitione
722 1392 842 1468 stolida,
859 1394 1024 1476 conspicua
1040 1414 1133 1469 arma,

133 1481 264 1560 insignes
287 1499 391 1562 equos,
408 1479 528 1562 quidam
552 1479 721 1542 luxuriosos
744 1493 904 1562 apparatus
927 1480 1134 1542 conviviorum

133 1581 164 1630 et
180 1567 362 1629 irritamenta
377 1565 544 1640 libidinum,
561 1581 594 1628 ut
609 1567 805 1628 instrumenta
821 1566 902 1643 belli,
920 1580 1134 1630 mercarentur.

133 1653 327 1737 Sapientibus
343 1651 450 1736 quietis
466 1667 496 1714 et
511 1651 700 1735 Reipublicae
710 1673 802 1715 cura:
827 1653 994 1716 levissimus
1008 1653 1135 1737 quisque

136 1753 167 1804 et
182 1739 272 1802 sutori
294 1737 490 1822 improvidus,
513 1759 568 1822 spe
586 1737 663 1800 vanb
685 1754 824 1802 tumens:
850 1739 934 1802 multi
950 1738 1062 1801 afflicti
1078 1738 1138 1802 fide

133 1827 163 1890 in
182 1847 267 1908 pace,
283 1845 319 1886 ac
333 1825 457 1896 turbatis
472 1825 560 1888 rebus
576 1825 700 1902 alacres,
717 1840 747 1887 et
765 1847 818 1908 per
833 1825 947 1888 incerta
962 1825 1111 1890 tutissimi.

177 1909 372 1976 LXXXIX.
397 1909 458 1974 Sed
477 1911 594 1992 vulgus,
611 1925 642 1974 et
665 1911 869 1992 magnitudine
892 1910 985 1974 nimib
998 1931 1137 1974 commu-

133 2000 217 2073 nium
232 2019 370 2061 curarum
387 2018 498 2080 expers
515 1997 655 2080 populna,
671 1998 781 2059 sentire
798 1997 941 2080 paulatim
958 1997 1027 2058 belli
1046 1997 1137 2074 mala,

136 2083 284 2152 conversa
299 2085 327 2148 in
345 2084 472 2146 militum
495 2104 581 2146 usum
605 2084 686 2145 omni
711 2081 850 2165 pecuniis,
867 2083 987 2144 intentis
1013 2083 1139 2144 alimen·

136 2187 234 2238 torum
249 2171 368 2255 pretiis:
393 2192 470 2254 que,
495 2185 576 2232 motu
593 2167 739 2244 Vindicis,
764 2169 843 2230 baud
869 2167 993 2252 perinde
1015 2168 1137 2252 plebem

135 2261 322 2334 attriverant,
337 2255 444 2320 securi
459 2271 522 2320 tum
540 2257 613 2319 urbe
630 2270 660 2318 et
679 2255 851 2338 provinciali
867 2254 958 2331 bello,
970 2255 1049 2339 quod
1060 2255 1140 2318 inter

137 2347 273 2428 legiones
296 2343 471 2428 Galliasque
496 2343 577 2406 velut
601 2357 759 2406 externum
784 2340 849 2404 suit.
895 2339 987 2418 Nam,
1014 2363 1054 2404 ex
1077 2363 1140 2426 quo

138 2433 238 2498 Divus
250 2433 405 2514 Augustus
420 2451 467 2492 res
476 2430 627 2492 Caesarum
643 2427 824 2510 composuit,
835 2429 989 2511 procul,et
1004 2428 1034 2492 in
1051 2430 1138 2491 unius

137 2520 358 2584 solicitudinem
369 2531 420 2580 aut
430 2517 534 2592 decue,
548 2515 677 2600 populus
688 2514 845 2577 Romanus
858 2514 1034 2578 bellaverat.
1073 2513 1138 2578 Sub
1232 2549 1233 2556 κ

139 2603 266 2672 Tiberio
288 2620 319 2668 et
342 2603 428 2681 Caio,
460 2602 573 2666 tannim
603 2602 684 2686 pacis
704 2602 829 2664 adversa
849 2603 878 2664 in
902 2600 1139 2686 Rempublicam
1232 2665 1233 2678 ,

135 2691 318 2780 pertinuere.
364 2689 552 2754 Scriboniani
577 2703 681 2752 contra
712 2687 875 2750 Claudium
901 2689 1022 2770 incepta
1046 2688 1136 2752 simul
1232 2683 1233 2692 ¹

139 2781 240 2845 audita
256 2794 287 2842 et
301 2777 443 2842 coercita.
489 2775 574 2838 Nero
589 2775 698 2838 nuntiis
715 2772 809 2853 magis
818 2789 849 2838 et
858 2776 1035 2850 rumoribus,
1049 2774 1139 2858 quim

141 2869 230 2932 armis
253 2865 408 2948 depulsus.
454 2861 536 2925 Tum
561 2863 695 2944 legiones
712 2861 896 2945 classesque,
912 2875 954 2938 et,
977 2861 1057 2945 quod
1073 2859 1141 2923 rard

138 2954 211 3020 alias
241 2951 442 3015 Praetorianus
472 2949 663 3033 urbanusque
691 2949 776 3012 miles
806 2949 835 3010 in
867 2949 962 3010 aciem
994 2947 1140 3010 deducti:
1221 3003 1224 3008 .

140 3041 251 3106 Oriens
278 3038 491 3120 Occidensque
515 3050 546 3098 et
572 3035 712 3120 quicquid
745 3035 894 3118 utrimque
918 3035 1023 3096 virium
1054 3047 1140 3096 esta

141 3142 246 3208 tergo:
271 3126 294 3188 si
311 3125 436 3187 ducibus
453 3125 516 3186 aliis
532 3123 674 3185 bellatum
699 3121 784 3198 soret,
800 3122 890 3202 longo
907 3119 985 3182 bello
1006 3119 1141 3181 materia.

141 3214 255 3289 Fudre,
266 3213 315 3296 qui
333 3211 530 3294 proficiscenti
548 3208 663 3271 Othoni
681 3230 777 3270 moras
794 3208 1053 3288 ‘religionemque
1065 3225 1141 3267 non·

143 3303 215 3364 dnm
232 3299 418 3362 conditorum
443 3295 594 3358 ancilitim’
612 3295 762 3357 afferrent.
808 3294 997 3374 Aspernatus
1012 3306 1058 3352 est
1077 3313 1143 3354 om·

143 3409 213 3452 nem
237 3385 471 3460 cunctationem,
495 3398 527 3445 ut
544 3381 657 3444 Neroni
681 3401 801 3465 quoque
821 3378 1000 3440 exitiosam:
1025 3390 1056 3439 et
1072 3375 1143 3441 Ce-

143 3476 221 3548 cina,
236 3472 299 3558 jam
318 3471 415 3554 Alpes
431 3486 640 3550 transgressus,
657 3465 880 3530 exstimulabat.

189 3560 264 3623 XC.
289 3558 391 3622 Pridie
408 3557 479 3620 ldns
495 3557 632 3632 Martias,
642 3549 853 3616 commendati
866 3549 1004 3612 Patribus
1015 3547 1142 3634 Repub-

144 3647 205 3711 licb
220 3646 358 3731 reliquias
381 3643 620 3707 Neronianarum
645 3640 823 3714 sectionum,
839 3637 972 3700 nondum
993 3637 1021 3700 in
1038 3637 1143 3699 fiscum

141 3744 313 3812 conversas,
323 3733 470 3797 revocatis
482 3733 519 3794 ab
529 3731 621 3794 exilio
632 3727 780 3791 concessit
792 3747 799 3788 ε
819 3723 1018 3810 justissimum
1028 3723 1140 3787 donum
