2484 4316
135 167 198 230 130
474 164 516 232 c,
539 165 649 232 com.
671 167 798 233 Tium
924 171 982 255 [A.
998 169 1045 236 tt.
1062 175 1141 239 aaa

133 331 247 408 hortes,
272 345 341 396 octo
370 331 504 416 equitum
529 331 603 394 alae:
632 331 720 395 simul
743 292 882 418 Agrippa
912 333 1144 422 Schemusque,
1225 319 1226 352 ³

134 416 250 499 Reges,
266 433 296 482 ct
311 418 422 480 auxilia
437 415 533 500 Regis
549 418 703 494 Antiochi,
720 419 878 504 validaque
900 436 940 498 et,
955 423 1047 484 solito
1063 423 1145 488 inter

133 505 253 568 accolas
276 504 356 580 odio,
381 502 496 566 insensa
510 503 624 566 Judaeis
641 504 776 568 Arabum
791 527 915 570 manus:
940 508 1038 586 multi,
1063 530 1145 593 quos
1225 517 1226 572 l

133 591 208 652 urbe
223 605 314 674 atque
337 587 423 653 ltalia
447 610 501 653 sua
528 611 616 674 quern
641 611 678 652 ue
701 611 771 675 spes
793 591 944 656 acciverat
967 597 1144 680 occupandi

133 675 309 759 Principem
324 677 423 740 adhuc
439 697 579 739 vacuum.
620 611 684 738 ilis
702 699 773 740 cum
795 679 890 761 copiis
905 679 978 742 lines
1004 681 1144 745 hostium
1225 753 1226 756 Ἴ

133 762 293 843 ingressus,
308 763 474 847 composito
489 763 620 844 agmine,
635 777 744 826 cuncta
756 765 929 847 explorans,
954 782 1144 854 paratusque

134 848 308 925 decernere,
325 849 405 912 haud
423 849 526 932 procul
542 825 761 933 Hierodolymis
772 865 870 914 castra
885 850 966 914 lacit.

174 933 219 1011 Il.
243 933 316 1012 Sed,
334 935 402 1020 qnia
417 933 538 998 famosae
553 934 634 997 urbis
649 957 823 1018 supremum
839 937 919 1000 diem
936 938 1074 1002 tradituri
1090 962 1144 1005 su·

133 1041 212 1097 mus,
223 1041 391 1103 congruens
405 1021 534 1099 videtur,
551 1022 712 1104 primordia
727 1021 793 1107 ejus
808 1024 934 1108 aperire.
981 1024 1142 1106 ‘Judaeos,
1225 1033 1226 1102 j

134 1105 230 1170 Creth
251 1105 346 1170 iusulh
363 1105 513 1190 profugos,
533 1107 695 1169 novissima
710 1107 816 1190 Lihyae
836 1109 1003 1188 insedisse‚'
1019 1133 1144 1178 memo·

132 1206 210 1270 rant,
234 1191 314 1277 ‘qud
328 1208 504 1277 tempestate
526 1191 683 1268 Saturnus,
711 1194 741 1256 vi
762 1193 849 1257 Jovis
874 1195 988 1279 pulsus,
1011 1201 1143 1264 cesserit
1213 1244 1226 1268 »,

133 1277 262 1360 regnis:'
294 1277 517 1364 (argumentum
548 1299 565 1340 e
596 1279 717 1340 nomine
747 1279 879 1362 petitur;
912 1283 1083 1366 ‘inclytum
1111 1287 1142 1348 in

132 1362 230 1428 Creth
245 1363 329 1428 Idam
346 1379 492 1442 montem,
518 1364 636 1427 accolas
658 1363 773 1443 ldaeos3
802 1380 893 1430 aucto
918 1368 947 1429 in
974 1368 1142 1434 barbarum
1225 1427 1226 1448 ,

131 1466 343 1534 cognomento,
359 1449 482 1514 Judaeos
499 1451 619 1514 vocitari
631 1450 667 1536 :')
694 1451 826 1536 quidam,
853 1459 1018 1536 ‘regnante
1044 1453 1141 1535 Iside,

132 1537 338 1602 exundantem
355 1559 409 1620 per
422 1537 592 1621 AEgyptum
605 1537 837 1616 multitudinem,
847 1538 973 1603 ducibus
990 1539 1141 1606 Hieroso-

131 1624 216 1708 lymo
240 1646 276 1688 ac
296 1624 388 1700 tude,
412 1625 563 1708 proximas
579 1625 607 1687 in
624 1637 717 1688 terras
732 1639 928 1690 exoneratam
942 1625 962 1688 :'
987 1627 1139 1713 plerique,
1223 1631 1224 1636 ’

132 1711 331 1796 ‘AEthiopum
348 1711 473 1795 prolem,
486 1733 561 1796 quos
577 1731 648 1792 rege
664 1709 796 1795 Cepheo
811 1727 909 1775 metus
925 1726 1016 1796 atque
1032 1715 1137 1778 odium

131 1812 247 1860 mutare
273 1797 363 1861 sedes
390 1796 576 1882 perpulerit!
623 1795 711 1872 Sunt,
739 1799 789 1882 qui
816 1797 946 1876 tradant,
973 1801 1137 1884 ‘Assyrios

131 1903 293 1960 convenas,
305 1883 439 1966 indigum
456 1905 593 1966 agrorum
606 1882 763 1966 populum,
777 1871 1000 1968 parte‘AEgypti
1013 1887 1137 1970 potitos,

131 1990 204 2031 nrcx
227 1969 360 2055 proprias
375 1971 464 2032 urbes
481 1969 687 2054 Hebraeasque
703 1983 796 2034 terras
819 1985 850 2034 et
877 1972 1014 2055 propiora
1039 1972 1135 2055 Syrie

130 2055 259 2118 coluisse
274 2055 364 2118 rura.'
400 2056 472 2133 Alii,
496 2055 688 2119 ‘Judaeorum
709 2056 801 2133 initia,
826 2056 978 2140 Solymos,
994 2059 1136 2121 carmini-

130 2142 185 2205 bus
202 2141 329 2205 Homeri
344 2143 527 2206 celebratam
544 2161 675 2226 gentem,
698 2143 850 2207 conditam
867 2145 972 2207 urbem
989 2142 1136 2210 Hieroso·
1225 2191 1226 2196 η

130 2229 245 2312 lymam
261 2230 382 2294 nomine
398 2251 453 2293 suo
464 2229 595 2292 secisse!

174 2313 231 2378 111.
256 2315 383 2379 Plurimi
399 2331 536 2379 auctores
556 2316 758 2392 consentiunt,
786 2313 871 2380 ‘ortai
894 2337 948 2402 per
961 2315 1135 2401 AEgyptum
1225 2335 1226 2362 ³

129 2400 210 2478 tabe,
227 2423 291 2486 quae
308 2424 433 2488 corpora
449 2402 586 2480 soedaret,
600 2403 721 2485 Regem
734 2401 928 2480 Bocchorim,
939 2404 1019 2467 adito
1036 2402 1135 2468 Ham-

129 2489 225 2552 monis
240 2489 372 2566 oraculo,
389 2490 556 2552 remedium
572 2505 737 2573 petentem,
751 2511 878 2573 purgare
894 2489 1038 2572 Regnum
1055 2506 1086 2552 ct
1102 2491 1131 2554 id

130 2597 225 2656 genus
241 2575 406 2652 hominum,
429 2589 462 2638 ut
485 2576 611 2638 invisum
628 2574 716 2652 Deis,
742 2576 814 2638 alias
836 2577 865 2639 in
891 2590 984 2639 terras
1000 2577 1132 2638 avehere

124 2661 254 2746 jussum.
301 2661 353 2724 Sic
375 2662 576 2747 conquisitum
592 2661 816 2746 collectumque
832 2662 950 2744 vulgus,
971 2678 1129 2746 postquam

130 2750 218 2811 vastis
235 2749 309 2811 locis
325 2749 461 2812 relictum
486 2749 534 2825 sit,
555 2749 662 2811 ceteris
687 2769 742 2832 per
763 2749 912 2831 lacrymas
935 2749 1130 2830 torpentibus,

129 2833 253 2913 Mosen,
269 2858 361 2898 uuum
378 2836 515 2912 exulum,
532 2835 693 2911 monuisse,
719 2855 758 2896 ne
774 2855 864 2919 quam
881 2833 1017 2897 Deorum
1036 2833 1131 2896 homi-

129 2945 242 2986 numve
268 2943 359 3006 opem
376 2937 582 3006 expectarent,
610 2922 759 3004 utrimque
785 2921 907 2998 deserti,
931 2920 985 2984 sed
1006 2919 1072 2997 sibi,
1098 2934 1130 2983 ut

129 3009 212 3074 Duci
227 3009 355 3085 coelesti,
371 3009 540 3084 crederent,
557 3008 653 3092 primo
669 3007 754 3093 cujus
770 3008 1060 3092 auxiliospraesentes
1076 3007 1130 3068 mi-

128 3099 220 3162 serias
236 3095 455 3182 pepulissent.''
493 3094 672 3169 Assenshre,
696 3109 786 3178 atque
806 3095 940 3157 omnium
963 3093 1057 3174 ignari
1073 3091 1131 3156 lor-

128 3185 236 3248 tuitum
252 3184 309 3247 iter
324 3183 477 3268 incipiunt.
524 3181 587 3244 Sed
605 3181 677 3244 nihil
693 3180 789 3266 aeque,
810 3180 900 3266 quhm
925 3179 1024 3263 inopia
1047 3200 1131 3264 aquae

128 3269 280 3353 fatigabat.
326 3268 457 3354 Jamque
471 3269 551 3331 haud
569 3269 672 3351 procul
688 3268 792 3345 exitio,
808 3268 878 3330 totis
892 3267 1007 3350 campis
1024 3287 1131 3349 procu-

128 3357 272 3434 buerant;
295 3356 366 3420 crim
383 3378 458 3438 grex
474 3357 624 3419 asinorum
641 3355 814 3435 agrestium,
832 3375 849 3416 e
866 3368 951 3438 pastu
968 3354 997 3414 in
1013 3373 1130 3436 rupem,

127 3465 251 3508 nemore
278 3465 415 3526 opacam,
442 3443 603 3506 concessit.
658 3441 787 3504 Secutus
814 3439 928 3516 Moses,
959 3438 1131 3524 conjectura

129 3530 245 3594 herbidi
269 3530 334 3605 soli,
361 3530 624 3614 largasaquarum
647 3546 739 3591 venas
763 3527 869 3612 aperit.
913 3525 949 3590 ld
973 3526 1129 3588 levamen:

128 3632 159 3680 et
171 3617 348 3680 continuum
364 3638 419 3680 sex
433 3617 548 3680 dierum
565 3617 619 3678 iter
634 3615 760 3692 emensi,
776 3615 916 3698 septimo,
932 3612 1024 3696 pulsis
1035 3611 1131 3676 culto-

128 3705 220 3783 ribus,
235 3702 393 3768 obtiunhrc
410 3718 515 3780 terras,
531 3700 640 3787 inquis
656 3702 727 3766 urbs
742 3715 774 3766 et
789 3701 937 3785 templum
953 3699 1062 3762 dicata.
