2556 4446
25 794 33 990 l

392 327 438 372 oa
460 304 680 372 Otturomens
704 306 892 373 Drinonns.
1081 311 1146 376 att

147 465 273 538 utilitate
288 491 348 534 non
363 469 445 547 dico,
469 469 518 534 oui
535 465 610 555 parti
620 463 750 536 minime
765 464 1154 540 contradicturum'Mater·

148 579 220 624 num
238 579 340 622 meum
355 557 490 620 arbitror.
1019 623 1021 630 ,

159 673 163 680 ·
194 644 252 708 Vl.
277 645 328 707 Ad
347 644 533 728 voluptatem
553 644 691 730 oratorie
713 645 890 730 eloquentie
913 659 1042 724 transeo,
1066 645 1156 732 cujus

144 731 318 819 jucunditas
341 751 401 794 non
424 751 487 794 uno
509 731 609 816 aliquo
625 747 790 808 momento,
814 733 867 795 sed
894 734 1034 798 omnibus
1058 734 1156 818 prope

149 819 267 894 diebus,
283 831 314 880 et
331 816 424 902 prope
440 819 579 882 omnibus
592 817 841 902 horiscontingit.
887 816 972 894 Quid
989 821 1070 884 euim
1084 820 1156 882 'dul-

148 906 214 970 cius
228 905 364 968 libet-oet
379 905 510 985 ingenuo
525 906 625 968 animo
635 919 666 968 et
678 907 715 968 ad
730 905 899 988 voluptates
916 908 1056 970 honestas
1071 919 1153 986 nato,

149 991 240 1077 qulam
256 991 357 1054 uidere
370 1063 371 1066 Ἴ
383 992 502 1074 plenam
519 1013 641 1074 semper
666 1007 697 1056 et
723 991 912 1077 frequentem
929 993 1053 1056 domurn
1079 1012 1155 1057 cott-

148 1097 238 1143 cutsu
250 1079 559 1162 splendidissimorum
577 1078 755 1142 hominum?
784 1079 875 1163 idque
891 1081 968 1142 scite
984 1103 1042 1145 non
1060 1099 1158 1164 pecu-

149 1165 217 1244 niae,
232 1187 292 1228 non
305 1165 435 1240 orbitati,
452 1186 550 1250 neque
565 1165 655 1228 officii
672 1163 799 1250 alicujus
817 1165 1075 1242 administrationi,
1098 1165 1158 1229 sed

149 1251 205 1316 sibi
220 1251 288 1335 ipsi,
304 1252 388 1315 darii
412 1251 477 1314 illos
489 1251 660 1337 quinimmo
673 1253 761 1315 orbos
773 1266 805 1316 et
820 1251 988 1337 locupletes
1000 1267 1031 1316 et
1047 1267 1157 1338 poten-

42 1367 46 1374 ·
149 1352 198 1403 tes
210 1338 313 1437 venire
329 1338 507 1424 plenumque
523 1339 560 1402 ad
573 1336 720 1424 juvenem
733 1354 764 1402 et
780 1355 958 1424 pauperem,
975 1353 1007 1403 ut
1023 1354 1074 1402 eut
1089 1359 1158 1418 sue,

150 1437 203 1488 eut
228 1443 393 1488 amicorum
418 1425 588 1490 discrimina
611 1425 839 1492 commendent.
884 1424 997 1488 Ullane
1012 1441 1095 1488 tenta
1111 1427 1158 1488 in-

150 1511 284 1592 gentium
300 1530 392 1596 opum
408 1512 575 1594 ao'm'agnae
591 1505 731 1594 potentie
748 1503 897 1592 ioloptes,
913 1511 1003 1593 quint
1016 1523 1156 1593 spectare

150 1597 289 1662 homines
305 1612 421 1660 veteres
436 1612 467 1660 et
481 1617 572 1658 senes
586 1612 617 1658 et
632 1597 721 1658 totius
736 1593 817 1658 urbis
832 1609 928 1676 gratia
943 1596 1098 1672 subnixos,
1124 1611 1158 1659 rtt

150 1683 270 1750 summit
283 1683 416 1747 omniurn
433 1701 533 1742 retum
548 1679 741 1754 abundantii,
753 1679 942 1757 confitentes,
957 1681 987 1743 id
1004 1681 1084 1764 quod
1100 1701 1158 1766 op·

150 1770 256 1836 timum
279 1768 327 1842 sit,
350 1785 463 1834 senon,
476 1766 611 1830 habere?
630 1765 694 1850 jam
710 1763 793 1840 verd,
809 1765 860 1849 qui
874 1780 1044 1847 togatorum
1059 1768 1156 1830 comi-

149 1867 228 1918 tatus
243 1866 274 1916 et
289 1851 445 1932 egressus!
461 1865 536 1936 'quae
558 1853 588 1914 in
604 1852 726 1936 publico
740 1851 880 1934 speciest
902 1873 967 1938 quae
992 1853 1020 1916 in
1033 1851 1159 1939 judiciitt

150 1937 322 2004 veneratio!
347 1937 427 2022 quod
450 1938 592 2022 gaudium
614 1938 814 2022 consurgendi
838 1939 1056 2026 assistendique
1078 1941 1157 2004 inter

150 2041 297 2100 tacentes,
322 2023 352 2087 in
378 2045 472 2086 unum
494 2045 674 2088 conversos:
705 2025 787 2090 coire
803 2026 947 2110 populum
971 2041 1002 2090 et
1025 2028 1159 2092 circumd

150 2111 234 2177 fundi
248 2131 391 2174 coronam
416 2125 446 2175 et
470 2110 609 2194 accipere
636 2111 790 2189 affectum,
814 2132 1038 2198 quemcumque
1052 2127 1159 2178 oratur

150 2197 299 2263 induerit!
322 2195 454 2278 Vulgata
477 2198 641 2262 dicentium
666 2199 785 2280 gaudia,
809 2215 840 2262 et
855 2199 1061 2282 imperitorum
1080 2218 1157 2283 qno-

151 2305 211 2370 que
226 2283 320 2347 oculis
335 2283 486 2366 exposita,
503 2305 679 2368 percenseo.
727 2283 781 2346 llla
795 2286 972 2360 secretiore,
996 2301 1026 2349 et
1040 2283 1159 2348 tannim

151 2371 223 2458 ipsis
236 2370 389 2433 orantibus
404 2383 486 2446 nota,
503 2369 615 2456 majora
627 2377 707 2433 aunt.
753 2368 826 2431 Sive
842 2383 1012 2433 accuratam
1029 2371 1158 2434 medita·¹

151 2475 274 2542 tamque
284 2457 371 2521 affert
382 2456 567 2534 orationem3
590 2471 636 2518 est
652 2455 803 2541 quoddam
814 2455 890 2518 sicut
902 2455 994 2540 ipsius
1005 2457 1156 2535 dictionis,

150 2544 193 2608 ita
207 2544 318 2626 gaudii,
335 2544 453 2628 pondus
468 2557 498 2608 et
512 2543 697 2608 constantia:
729 2542 793 2608 sire
811 2561 920 2606 noram
946 2557 977 2606 et
1000 2556 1159 2606 recentem

151 2651 254 2696 ottrarn
272 2653 331 2695 non
358 2632 422 2696 sine
446 2631 546 2715 aliqua
572 2630 771 2714 trepidatione
797 2629 1065 2709 animiattulerit3
1091 2631 1159 2714 ipse-

152 2718 309 2782 tolieitudo
332 2718 526 2780 commendat
552 2731 694 2779 euentum
725 2731 756 2778 et
782 2716 968 2780 lenocinatur
997 2717 1155 2800 voluptati.

153 2803 216 2866 Sed
231 2803 444 2884 extemporalis
460 2801 592 2863 audacie
608 2802 807 2884 atqueipsius
826 2803 1000 2864 temeritatis
1017 2803 1064 2865 rel
1083 2821 1161 2886 prte-

151 2889 242 2972 eipua
261 2887 433 2972 jucunditas
454 2901 509 2949 est.
555 2885 636 2949 Num
665 2888 694 2948 in
722 2887 843 2966 ingenio
866 2907 999 2971 quoque,
1024 2889 1101 2952 sicut
1126 2889 1161 2951 in

153 2995 235 3058 agro,
248 2993 419 3058 quanquam
432 2973 489 3035 alia
504 2973 555 3036 diu
567 2987 704 3037 serantur
715 2989 805 3058 atque
817 2973 1018 3050 elaberentur,
1028 2974 1162 3056 gratiora

152 3075 265 3135 tamen,
281 3081 347 3144 que
363 3058 419 3122 suit
433 3075 540 3143 sponte
553 3077 726 3124 nascuntur.

197 3143 271 3210 Vll.
296 3145 460 3230 Equidem,
470 3161 503 3208 ut
519 3145 558 3209 de
571 3167 620 3209 me
636 3147 699 3230 ipse
713 3145 815 3222 latent,
828 3167 889 3209 non
901 3167 970 3208 enm
987 3145 1067 3208 diem
1083 3145 1163 3208 teti-
1252 3165 1253 3174 ¹

152 3253 236 3298 orem
253 3232 391 3318 egique
414 3233 487 3294 mihi
503 3233 581 3296 latus
596 3233 701 3295 olavus
715 3233 833 3295 oblatus
846 3245 902 3308 est,
924 3232 971 3294 vel
989 3251 1049 3314 quo
1066 3231 1163 3295 homo

153 3339 261 3394 novus,
286 3335 316 3383 et
338 3319 503 3382 incivitate
524 3319 646 3381 minime
663 3319 814 3382 favorabili
831 3335 928 3394 nutus,
953 3316 1161 3396 Quaesturam,

154 3421 206 3470 aut
219 3405 433 3481 Tribunatum,
449 3421 499 3468 aut
516 3405 678 3468 Praetnram
696 3407 820 3488 accepi:
845 3404 935 3488 quitur
959 3425 1023 3480 eos,
1050 3403 1163 3488 quibus

153 3493 238 3567 mihi,
266 3515 319 3578 pto
340 3493 544 3556 mediocritate
565 3493 654 3576 liujus
669 3495 950 3576 quantulaecumque
976 3491 1005 3554 in
1029 3490 1163 3556 dicendo

154 3579 314 3654 facultatis,
327 3589 477 3643 uut‘reum
494 3579 637 3663 prospere
651 3578 827 3654 defendere,
843 3593 893 3642 aut
912 3578 991 3662 apud
1008 3575 1163 3641 Centum·

154 3667 234 3730 viros
248 3687 370 3729 cansam
398 3666 527 3750 aliquam
552 3663 678 3728 selioiter
692 3687 789 3740 orate,
816 3679 867 3728 aut
890 3665 968 3749 apud
986 3663 1163 3749 Principem

153 3753 234 3836 ipsos
249 3753 314 3816 illos
330 3754 451 3818 libertos
474 3769 505 3816 et
528 3751 743 3816 Procuratores
759 3751 936 3836 Principum
952 3752 1026 3816 tueri
1051 3768 1079 3814 et
1106 3749 1163 3812 de·

153 3839 278 3906 lendere
293 3841 392 3905 datur.
417 3911 419 3916 ,
435 3839 519 3904 Tum
531 3839 603 3906 mihi
618 3861 708 3922 supra
718 3838 906 3906 Tribunatus
920 3854 952 3904 et
968 3838 1119 3904 Praetores
1127 3845 1162 3898 et

633 3929 673 3989 21
