2514 4318
96 199 158 262 190
398 193 440 260 C.
456 193 572 260 eoas.
595 190 721 260 thrrr
891 192 945 276 [Α.
961 190 1004 258 U.
1020 194 1098 259 82³.

139 358 269 426 XXIII.
293 357 426 424 Civilem
441 358 552 444 cupido
569 357 691 424 incessit
713 357 852 424 navalem
876 359 973 423 aciem
995 375 1100 424 osten·

95 449 190 514 tandi.
236 447 392 532 Complet,
409 447 489 530 quod
507 445 674 522 biremium,
698 467 824 531 qumque
844 445 971 529 simplici
991 447 1099 510 ordine

94 537 272 620 agebantur.
316 532 448 618 Adjecta
470 533 575 617 iugens
598 533 729 596 lintrium
747 533 802 608 vis,
825 533 953 596 tricenos
970 533 1100 618 quadra·

95 643 251 706 genusque
263 618 440 684 serentium:
465 633 650 682 armamenta
660 617 830 682 Liburnicis
845 620 948 684 solita:
966 635 996 684 et
1007 621 1099 686 simul

96 725 174 794 aptae
189 709 291 772 lintres
306 706 416 786 sagulis
433 706 660 770 versicoloribus
682 705 761 768 baud
786 705 927 768 indecore
952 728 1006 790 pro
1022 707 1099 770 velis

91 795 284 881 juvabantur.
331 793 470 878 Spatium
486 793 570 856 velut
593 793 719 878 equoris
744 791 887 869 electum,
912 815 973 877 quo
999 792 1097 858 Mosae

94 882 225 946 fluminis
252 901 287 946 os
317 901 438 944 amnem
469 879 613 944 Rhenum
640 877 769 942 Oceano
798 879 935 942 affundit.
991 878 1097 944 Causa

95 968 275 1032 instruendae
298 967 412 1046 classis,
438 988 529 1050 super
551 966 670 1030 insitam
695 966 776 1048 genti
804 967 980 1044 vanitatem,
1003 981 1036 1030 ut
1058 989 1098 1030 eo

95 1071 208 1120 terrore
223 1070 410 1118 commeatus
426 1052 528 1117 Gallis
543 1053 741 1119 adventantes
761 1053 988 1136 interciperent.
1033 1053 1099 1118 Ce-

95 1143 176 1208 rialis
190 1141 336 1206 miraculo
352 1138 458 1223 magis,
474 1139 565 1225 quhm
581 1153 675 1216 metu,
691 1139 801 1202 direxit
816 1140 955 1216 classem,
971 1161 1099 1204 numero

95 1229 254 1313 imparem,
278 1250 332 1292 usu
348 1229 507 1309 remigum,
531 1226 763 1310 gubernatorum
780 1241 855 1304 arte,
871 1228 992 1290 navium
1013 1249 1099 1311 mag·

95 1316 231 1380 nitudiue
263 1315 421 1402 potiorem.
468 1312 525 1378 His
563 1312 678 1376 flumen
709 1313 900 1386 secundum
935 1313 976 1376 illi
1007 1329 1100 1379 vento
1186 1329 1189 1332 “

94 1403 272 1484 agebantur.
317 1401 369 1466 Sic
396 1401 544 1486 praevecti,
574 1413 691 1464 tentato
720 1399 832 1463 levium
856 1400 984 1464 telorum
1000 1400 1098 1486 jactu,

96 1490 282 1554 dirimuntur.
330 1488 447 1565 Civilis,
468 1488 540 1552 nihil
555 1487 634 1550 ultrh
650 1509 749 1564 ausus,
767 1502 846 1550 trans
863 1486 1008 1551 Rhenum
1025 1511 1100 1568 con-

95 1578 196 1642 cessit.
241 1575 381 1652 Cerialis,
404 1575 532 1639 insulam
555 1574 740 1639 Batavorum
765 1573 910 1638 hostiliter
927 1575 1098 1659 populatus,

95 1686 183 1746 agros
195 1663 339 1748 villasque
356 1661 464 1728 Civilis
486 1663 623 1738 intactos,
638 1659 712 1724 noth
727 1675 790 1724 arte
810 1660 946 1740 Ducum,
961 1662 1098 1726 sinebat:

93 1751 165 1814 cirm
180 1751 310 1827 interim,
325 1749 409 1813 flexu
426 1749 561 1814 autumni
584 1763 615 1812 et
629 1748 741 1812 crebris
757 1769 811 1832 per
830 1748 973 1830 hyemem
995 1749 1098 1812 imbri·

95 1837 163 1914 bus,
178 1836 353 1921 superfusus
375 1837 471 1900 amnis
499 1835 661 1921 palustrem
686 1835 891 1919 humilemque
917 1836 1045 1898 insulam
1068 1837 1098 1900 in
1141 1831 1148 1850 '¹

95 1923 204 1987 sacient
220 1923 316 2006 stagni
325 1923 461 2007 opplevit
473 1945 481 1986 ε
505 1944 563 1986 nec
575 1923 678 1986 classis
690 1936 741 1984 aut
753 1936 941 1986 commeatus
954 1923 1096 1988 aderant:

93 2024 252 2094 castraque
268 2011 297 2074 in
314 2010 404 2093 plano
418 2010 486 2086 sita,
501 2009 530 2072 vi
547 2009 677 2074 fluminis
693 2007 917 2072 differebantur.

120 2093 268 2160 XXIV.
303 2095 467 2160 ‘Potuisse
489 2109 562 2158 tunc
588 2095 718 2180 opprimi
741 2095 887 2177 legiones,
912 2109 942 2159 et
967 2096 1099 2160 voluisse

97 2180 279 2259 Germanos,
295 2182 350 2247 sed
366 2181 436 2246 dolo
456 2203 474 2246 a
496 2203 529 2246 se
552 2181 671 2259 flexos,’
694 2181 851 2265 imputavit
869 2179 986 2245 Civilis.
1033 2181 1100 2246 Ne·

97 2291 157 2354 que
173 2270 314 2332 abhorret
329 2290 412 2344 vero,
429 2268 550 2352 quando
563 2269 665 2352 paucis
686 2267 753 2352 phst
770 2267 875 2331 diebus
891 2268 1004 2331 deditio
1019 2269 1100 2332 inse·

96 2371 238 2421 cutaest.
284 2353 365 2419 Nam
396 2353 527 2418 Cerialis
558 2376 610 2439 per
635 2354 771 2418 occultos
800 2354 920 2435 nuntios
950 2355 1099 2419 ‘Batavis

97 2463 216 2526 pacem,
232 2441 324 2506 Civili
341 2441 482 2518 reniam,'
495 2455 661 2518 ostentans,
674 2437 837 2518 Veledam,
853 2441 1099 2527 propinquosque

97 2528 252 2604 monebat,
269 2535 276 2566 ‘
292 2527 440 2592 fortunam
457 2527 537 2603 belli,
548 2542 592 2590 tot
604 2527 740 2592 cladibus
752 2527 920 2604 adversam,
930 2544 1100 2613 opportuno

97 2635 169 2696 erga
185 2613 338 2697 Populum
356 2614 531 2678 Romanum
556 2615 663 2676 merito
678 2629 807 2678 mutare.
853 2613 959 2678 Caesos
981 2614 1101 2678 Treve-

97 2721 156 2776 ros,
173 2716 312 2784 receptos
327 2699 436 2778 Ubios,
449 2717 583 2786 creptam
599 2700 723 2764 Batavis
737 2701 882 2784 patriam:
908 2723 1007 2786 neque
1019 2701 1100 2766 aliud

99 2785 206 2850 Civilis
222 2786 354 2852 amicitiai
369 2783 516 2872 paratum,
532 2787 622 2872 quam
639 2787 773 2863 vulnera,
791 2785 887 2869 fugae,
902 2787 1020 2852 luctus:
1045 2809 1101 2852 ea·

95 2873 177 2936 ulem
194 2895 264 2938 eum
291 2888 323 2938 et
346 2890 498 2938 extorrem
522 2874 734 2958 recipientibus
756 2875 860 2937 oneri:
885 2889 916 2936 et
932 2871 1003 2938 satis
1028 2895 1100 2956 pec·

98 2960 226 3038 cavisse,
243 2960 324 3046 qubd
335 2962 444 3024 totiens
456 2961 601 3024 Rhenum
619 2960 872 3025 transcenderint:
897 2961 922 3023 si
938 2961 1009 3045 quid
1025 2961 1101 3025 ultrei

97 3048 268 3125 moliantur,
280 3047 350 3112 inde
366 3047 502 3135 injuriam
519 3061 550 3111 ct
564 3047 697 3132 culpam,
714 3047 783 3110 hinc
798 3047 943 3110 ultionem
959 3061 990 3110 et
1013 3046 1100 3112 Deos
1116 3060 1118 3065 '

97 3132 184 3198 sore!

142 3219 253 3284 XXV.
291 3218 499 3284 Miscebantur
531 3219 618 3282 minis
656 3218 812 3301 promissa.
859 3217 912 3296 Et,
949 3217 1100 3282 concussi

96 3304 399 3370 Transrhenanorum
425 3307 496 3382 fide,
526 3305 603 3369 inter
631 3303 766 3370 Batavos
793 3326 914 3390 quoque
943 3326 1099 3370 sermones

97 3393 171 3456 orti:
197 3397 279 3455 ‘non
304 3392 520 3476 prorogandam
543 3391 619 3454 ultra
641 3392 774 3454 ruinam:
800 3412 857 3454 nec
880 3412 968 3476 posse
984 3392 1022 3455 ab
1039 3391 1099 3454 uuir

96 3478 218 3542 natione
248 3479 338 3542 totius
362 3477 442 3542 orbis
465 3478 617 3542 servitium
641 3478 765 3562 depelli.
820 3476 904 3551 Quid
929 3477 1099 3559 perlectum

97 3563 180 3628 caede
207 3578 238 3628 et
261 3564 406 3628 incendiis
429 3565 591 3645 legionum,
619 3565 674 3628 nisi
703 3579 735 3628 ut
757 3563 858 3647 plures
880 3563 1099 3648 validioresque

98 3652 287 3716 accirentur?
332 3649 365 3714 Si
388 3649 576 3733 Vespasiano
595 3651 709 3714 bellum
730 3650 915 3727 necaverint,
937 3647 1100 3733 Vespasia·

95 3757 170 3800 num
186 3757 285 3800 rerum
301 3736 412 3822 potiri3
434 3737 479 3800 sio
502 3731 655 3822 Populum
678 3735 855 3802 Romanum
879 3736 969 3802 armis
991 3757 1101 3824 provo·
