2516 4250
115 231 161 294 Α.
179 230 219 295 C.
236 233 304 314 69.]
414 229 554 294 Hrsron.
578 227 653 294 Lm.
677 227 820 294 Pmrros.
1075 205 1126 292 39⁵

116 393 197 458 tioso
212 393 344 477 Imperio
369 393 438 470 leti,
467 415 520 477 per
535 393 636 456 turbas
662 407 693 457 et
717 407 819 476 raptus
835 390 949 454 sacilibs
972 391 1009 453 ad
1032 391 1121 454 civile

80 484 82 490 '
115 480 233 544 bellurn
249 481 491 563 impellerentur:
516 481 601 542 simul
619 495 771 562 reputans,
785 501 843 541 non
859 499 945 561 posse
962 478 1119 560 Principa-

115 583 195 644 tum‚
210 569 325 629 scelere
341 567 507 650 quesitum,
530 565 628 629 subitis
643 565 790 628 nrodestid
805 581 836 628 et
861 563 959 648 prisca
973 567 1122 646 gravitate·

116 655 258 729 retineri3
281 653 333 714 sed
350 653 518 714 discrimine
535 653 625 728 urbiS,
646 667 677 714 et
695 653 826 734 periculo
846 650 976 714 Senattis
1002 653 1121 727 anxius,

117 739 273 824 postremi)
289 741 329 800 ira
340 739 488 802 disseruit.
534 737 666 822 ‘Neque
683 755 715 800 ut
727 739 852 800 affectus
866 751 979 799 vestros
992 737 1020 798 in
1037 758 1121 799 arno-

117 849 183 890 rem
202 827 260 888 mei
276 825 485 901 accenderem,
500 826 731 900 commilitones,
755 845 854 908 neque
877 839 909 886 ut
933 825 1064 884 animum
1082 823 1120 884 ad

117 913 260 976 virtutem
282 912 453 972 cohortarer
478 913 618 994 (utraque
634 911 713 972 enim
730 909 850 992 egregie
866 909 1041 991 supersunt)
1065 909 1120 970 sed

117 999 190 1061 veni
206 997 407 1080 postulaturus
427 993 449 1059 'a
478 998 560 1058 robis
576 1011 848 1078 temperamentum
874 1013 977 1056 vesrrae
1005 994 1121 1056 sortitu-

117 1083 207 1160 dinis,
223 1097 254 1145 et
269 1104 339 1163 erga
355 1104 403 1144 me
417 1083 538 1144 modurn
554 1084 693 1144 caritatis.
739 1079 904 1143 Tumultris
921 1081 1048 1163 proximi
1066 1081 1120 1142 ini-

118 1168 207 1244 tium,
224 1191 281 1230 non
297 1169 461 1251 cupiditate
478 1169 524 1230 vel
541 1169 621 1242 odio,
638 1190 703 1251 quae
720 1168 828 1229 multos
845 1167 996 1228 exercitus
1014 1167 1042 1228 in
1060 1167 1120 1228 dis·

120 1256 253 1319 cordiam
270 1254 371 1335 egere,
393 1275 428 1316 ac
451 1276 489 1315 ne
513 1254 727 1316 detrectatione
751 1255 871 1336 quidem
896 1268 947 1314 aut
963 1253 1131 1315 formidine

120 1342 340 1425 periculorum:
366 1340 456 1402 uirnia
472 1341 566 1422 pietas
590 1355 698 1415 vestra,
725 1339 820 1402 acriirs
837 1339 926 1422 qnam
949 1339 1121 1400 considera·

120 1427 190 1503 titis,
206 1427 360 1488 excitarit.
407 1424 486 1487 Nam
503 1447 583 1508 saepe
600 1427 738 1488 lronestas
754 1447 853 1487 rerum
869 1445 985 1500 causas,
998 1425 1026 1486 ni
1038 1423 1120 1508 judi-

119 1514 201 1576 cium
217 1513 370 1588 adhibeas,
398 1513 555 1594 perniciosi
582 1513 680 1574 exitus
702 1525 936 1594 consequuntur.
983 1509 1065 1572 lmus
1081 1510 1120 1572 ad

119 1599 255 1662 bellum:
280 1620 351 1660 num
367 1619 473 1659 omnes
489 1599 606 1660 nuntios
630 1598 728 1681 palam
745 1598 850 1674 audiri,
873 1597 974 1658 omnia
996 1596 1121 1658 consilia

119 1686 237 1748 cunctis
262 1684 610 1767 presentibus'tractari¹
637 1685 710 1746 ratio
726 1705 823 1744 rerum
852 1695 902 1744 aut
928 1683 1121 1744 occasionum

121 1771 265 1834 velocitas
297 1771 426 1853 patitur?
462 1767 542 1831 Tam
569 1771 684 1831 nescire
715 1769 851 1854 quaedam
883 1768 1001 1844 milites,
1030 1767 1134 1852 quam

120 1857 208 1932 scire,
232 1871 362 1938 oportet.
408 1854 454 1918 lta
476 1878 509 1918 se
535 1855 658 1918 Ducum
674 1855 843 1928 auctoritas
871 1855 914 1916 sic
939 1855 1017 1935 rigor
1032 1855 1121 1917 disci-

120 1943 209 2026 pliuae
226 1943 327 2018 habet,
343 1957 376 2004 ut
392 1943 486 2004 multa
501 1943 590 2004 etiarn
612 1943 812 2004 Centuriones
828 1939 1040 2025 Tribunosque
1056 1955 1121 2003 tan·

121 2028 184 2091 titm
197 2028 295 2113 juberi
311 2029 466 2111 expediat.
512 2028 556 2105 Si,
582 2029 632 2090 ubi
651 2029 824 2113 jubeantur,
851 2049 982 2111 quaerere
998 2027 1122 2108 singulis

121 2115 221 2190 liceat,
239 2131 384 2197 pereunte
408 2115 553 2198 obsequio
575 2115 664 2178 etiam
692 2115 849 2198 imperium
867 2114 1025 2176 intercidit.
1073 2114 1123 2176 An

31 2208 36 2216 '
122 2214 153 2262 et
178 2201 238 2262 illie
261 2199 555 2282 nocteintempestd
580 2201 733 2281 rapientur
759 2203 862 2260 arma?
900 2199 988 2260 Unus
1006 2200 1121 2260 alterve

122 2286 256 2369 perditos
271 2307 307 2358 ao
323 2287 505 2347 temulentus
530 2285 740 2369 (nequeenim
758 2287 857 2367 plures
880 2286 1121 2346 consternatione

123 2370 262 2456 proximi
276 2370 419 2434 insanisse
434 2372 627 2452 crediderim)
650 2370 843 2434 Centurionis
859 2392 893 2432 ac
909 2370 1037 2433 Tribuni
1053 2392 1122 2432 san-

122 2458 212 2540 guine
230 2480 334 2519 manus
347 2459 482 2520 imbuet?
520 2457 711 2540 imperatoris
723 2459 766 2519 soi
780 2458 939 2519 tentorium
953 2457 1120 2538 irrumpet?

166 2542 359 2606 LXXXlV.
383 2551 392 2580 ‘
405 2543 473 2606 Vos
486 2545 606 2628 quidem
620 2545 698 2606 istud
716 2565 769 2626 pro
781 2565 849 2605 nre:
872 2543 924 2604 sed
942 2545 970 2604 in
987 2543 1123 2606 discursu

123 2651 160 2692 ao
176 2631 305 2692 tenebris
329 2644 359 2692 et
382 2651 480 2692 rerum
497 2630 629 2692 omnium
645 2630 820 2692 confusione
846 2630 977 2713 patefieri
1003 2631 1123 2692 occasio

122 2716 213 2778 etiam
229 2716 371 2777 adversius
395 2737 444 2778 me
469 2731 579 2800 potest.
625 2715 656 2778 Si
673 2715 796 2778 Vitellio
812 2730 842 2777 et
858 2715 1033 2777 satellitibus
1057 2714 1123 2800 ejus

122 2801 253 2883 eligendi
269 2801 393 2864 facultas
409 2803 506 2878 detur,
530 2823 620 2886 qnam
636 2803 732 2864 ¹nobis
755 2804 899 2877 animum,
915 2823 988 2885 quas
1005 2816 1123 2864 mentes

124 2889 348 2970 imprecemur?
372 2889 443 2972 quid
470 2889 561 2963 aliud,
585 2887 674 2970 quam
690 2889 868 2950 seditionem
882 2902 916 2949 vet
933 2888 1122 2964 discordiam,

121 2974 291 3056 optabunt?
315 2995 352 3035 ne
370 2975 454 3036 miles
470 2973 656 3049 Centurioni,
669 2995 707 3035 ne
724 2973 871 3036 Centurio
886 2972 1023 3035 Tribuno
1035 2973 1123 3036 obse-

123 3075 251 3142 quatur:
277 3059 345 3122 irinc
360 3059 485 3134 confusi,
511 3060 626 3142 pedites
642 3060 830 3143 equitesque,
855 3061 883 3121 in
907 3061 1032 3121 exitium
1057 3081 1126 3121 rua·

124 3167 201 3208 mus.
248 3144 388 3207 Parendo
404 3145 513 3228 podiis,
537 3146 767 3221 commilitones
791 3145 880 3228 quiam
908 3145 1032 3227 imperia
1056 3144 1125 3206 Du-

123 3253 192 3294 cum
208 3231 398 3308 sciscitando,
425 3253 472 3293 res
497 3232 637 3294 militares
652 3233 862 3294 continentur:
892 3246 925 3293 et
948 3231 1124 3293 fortissimus

123 3317 230 3399 inipso
246 3317 416 3380 discrimine
433 3319 584 3379 exercitus
601 3335 657 3394 ast,
674 3319 723 3401 qui
740 3335 808 3380 ante
825 3317 983 3379 discrimen
1001 3317 1125 3400 quietis·

124 3403 227 3465 simus.
275 3401 370 3466 Vobis
386 3425 468 3465 arma
484 3417 514 3464 et
530 3404 646 3466 animus
661 3405 699 3466 sit
713 3425 721 3466 r
752 3403 823 3466 mibi
839 3403 996 3466 consilium
1019 3416 1051 3464 et
1066 3402 1125 3464 vir·

125 3488 195 3550 tutis
212 3502 316 3550 vestre
333 3491 466 3569 regimen
483 3490 650 3572 relinquite.
696 3488 868 3552 Paucorum
883 3489 973 3571 culpa
989 3486 1054 3564 fuit,
1071 3488 1126 3550 du-

124 3593 210 3636 orum
239 3595 330 3656 poena
359 3577 426 3638 erit.
472 3573 578 3640 Ceteri
605 3575 724 3637 abolete
755 3576 931 3639 memoriam
959 3573 1128 3638 soedissimae

126 3659 240 3722 noctis:
266 3683 323 3724 nee
339 3661 404 3724 illas
416 3661 559 3724 adversita
575 3661 720 3725 Senatum
734 3682 824 3724 voces
840 3662 918 3724 ullus
930 3659 1062 3744 unquam
1075 3681 1131 3722 ex·

128 3746 205 3808 citus
221 3747 333 3812 audiat.
379 3746 483 3832 Caput
494 3746 629 3834 imperii,
644 3763 676 3812 et
691 3749 800 3814 decora
811 3747 945 3811 omnium
962 3747 1130 3832 provincia·
