2484 4316
128 197 191 260 tte
463 193 506 259 C.
530 193 641 260 Coras.
664 189 790 258 Tncrrr
931 193 1043 280 [nU.
1056 187 1129 260 823.
1206 179 1207 182 Ἴ

123 357 309 422 Germanica
331 357 413 422 bella
439 359 678 434 tractaverimus,
698 355 770 420 satis
794 353 921 420 clarum.
965 355 1040 420 Nec
1062 358 1130 420 ideo

125 447 271 510 Rhenum
287 444 461 521 insedimus,
478 460 510 507 nt
526 443 642 506 ltaliam
665 458 819 506 tueremur
829 465 838 521 ς
861 443 915 506 sed
930 444 1040 528 nequis
1055 445 1128 506 alios

125 533 294 597 Ariovistus
320 531 432 615 Regno
455 529 621 593 Galliarum
646 531 802 612 potiretur.
848 529 899 592 An
923 549 974 592 vos
997 531 1130 593 cariores

125 618 216 684 civiti
232 619 417 701 Batavisque
433 630 464 679 et
478 615 722 679 Transrhenanis
734 614 872 698 gentibus
886 616 1022 691 creditis,
1039 615 1128 700 quim

125 705 289 790 majoribus
313 723 418 766 eorum
446 716 547 785 patres
571 703 680 788 avique
702 701 793 764 vestri
818 699 960 765 suerunt?
1007 701 1128 765 Eadem

125 813 248 876 semper
269 809 360 852 causa
391 788 552 851 Germanis
581 788 800 851 trancendendi
828 787 858 850 in
883 788 1010 866 Gallias,
1038 788 1130 852 libido

126 892 218 964 utque
234 876 356 939 avaritia
372 890 402 938 et
418 874 568 938 mutande
583 875 663 937 sedis
679 895 774 952 amor,
790 887 834 951 ut,
846 875 959 938 relictis
970 873 1129 960 paludibus

124 981 157 1027 et
182 962 392 1026 solitudinibus
416 961 487 1036 suis,
512 959 771 1024 loecondissimum
802 961 860 1024 boc
886 962 984 1026 solum
1016 982 1130 1046 vosque

124 1052 205 1135 ipsos
218 1047 418 1132 possiderent.
446 1046 593 1110 Ceterum
605 1047 764 1110 libertaset
776 1048 911 1131 speciosa
923 1049 1046 1112 nomina
1057 1069 1129 1132 prae·
1206 1069 1207 1110 3

123 1150 285 1200 texuntur:
309 1157 366 1198 nec
379 1133 535 1218 quisquam
545 1133 675 1196 alienum
685 1134 838 1197 servitium
849 1148 880 1196 et
891 1135 1128 1199 dominationem

123 1223 179 1288 sibi
195 1222 378 1304 concupivit,
395 1235 427 1283 ut
443 1241 502 1284 non
519 1220 627 1283 eadem
644 1221 700 1285 ista
714 1221 862 1283 vocabula
877 1235 1051 1304 usurparet.

124 1341 127 1349 ·
167 1306 322 1372 LXXIV.
346 1308 456 1389 Regna
485 1307 626 1392 bellaque
656 1327 710 1392 per
739 1306 855 1370 Gallias
880 1327 1003 1392 semper
1034 1305 1129 1385 lutire,

124 1397 224 1460 donec
242 1396 270 1458 io
294 1409 429 1458 nostrum
446 1393 498 1480 jus
520 1393 739 1458 concederetis.
786 1391 863 1471 Nos,
886 1415 1062 1480 quanquam
1085 1407 1131 1456 to·

123 1485 202 1548 tiens
218 1482 359 1558 lacessiti,
378 1481 447 1567 jure
463 1481 592 1544 victorie
608 1481 637 1544 id
659 1480 756 1545 solum
771 1481 857 1544 vobis
875 1481 1059 1559 addidimus,
1074 1499 1133 1566 quo

123 1591 234 1655 pacem
250 1585 415 1634 tueremur.
462 1566 543 1630 Nam
559 1588 660 1653 neque
684 1569 769 1653 quies
791 1568 924 1651 gentium
948 1569 1015 1633 sine
1032 1568 1131 1644 armis,

123 1677 226 1742 neque
249 1675 331 1720 arma
354 1655 419 1719 sine
441 1654 607 1739 stipendiis,
629 1675 730 1739 neque
753 1655 902 1739 stipendia
924 1655 987 1720 sine
1014 1655 1132 1720 tributis

125 1745 235 1816 haberi,
247 1757 371 1830 queunt.
417 1740 532 1806 Cetera
558 1742 588 1804 io
612 1742 766 1805 communi
788 1743 843 1806 sita
863 1755 943 1806 sunt.
988 1741 1053 1828 lpsi
1069 1743 1132 1827 ple-

124 1851 254 1915 rumque
284 1827 453 1912 legionibus
481 1829 590 1892 nostris
620 1829 806 1912 praesidetis:
827 1829 884 1912 ipsi
914 1829 968 1893 has
994 1831 1129 1914 aliasque

125 1917 294 2002 provincias
305 1915 418 1996 regitis.
452 1913 536 1978 Nihil
548 1929 721 2000 separatum
736 1915 924 1979 clausumve.
970 1915 1014 1980 Et
1030 1916 1132 1980 lauda·

123 2019 225 2066 torum
241 2002 418 2086 Principum
434 2023 505 2064 usus
521 2023 562 2066 err
578 2023 674 2087 equo,
686 2003 821 2086 quamvis
835 2003 941 2086 procul
954 2003 1130 2088 agentibus:

125 2091 196 2152 saevi
214 2089 358 2172 proximis
373 2093 525 2171 ingruunt.
570 2088 738 2162 Quomodo
749 2089 944 2167 sterilitatem,
956 2103 1009 2153 aut
1025 2089 1130 2154 nimios

125 2176 238 2240 imbres
252 2189 285 2239 et
299 2189 400 2239 cetera
417 2190 528 2238 naturae
544 2177 634 2253 mala,
650 2175 690 2240 ita
711 2175 818 2239 luxum
835 2177 884 2239 vel
907 2177 1062 2240 avaritiam
1079 2175 1130 2238 do·

125 2264 304 2328 minantium
320 2262 456 2326 tolerate.
501 2261 583 2326 Vitia
599 2277 697 2339 erunt,
713 2263 812 2326 donec
824 2261 982 2328 homines:
1005 2263 1062 2328 sed
1078 2281 1129 2325 nc·

124 2371 186 2500 que
203 2351 267 2412 haec
282 2350 435 2425 continua,
452 2363 482 2412 et
503 2350 662 2412 meliorum
685 2350 852 2413 interventu
869 2364 1055 2434 pensantur3
1077 2347 1130 2412 nisi
1206 2361 1207 2438 ἐ

137 2451 213 2512 orte,
228 2435 345 2499 Tutore
361 2450 391 2499 et
403 2435 541 2500 Classico
557 2437 760 2519 regnantibus,
772 2437 953 2500 moderatius
968 2437 1127 2521 imperium

124 2523 273 2606 speratis:
298 2537 349 2586 aut
375 2522 550 2600 minoribus,
574 2523 665 2607 quiam
690 2543 783 2601 nunc,
805 2525 923 2588 tributis
946 2525 1129 2608 parabuntur

125 2610 288 2685 exercitus,
314 2609 422 2758 quibus
444 2609 590 2672 Germani
613 2611 811 2696 Britannique
834 2627 1001 2674 arceantur.
1048 2607 1127 2674 Nam

44 2723 46 2726 ·
125 2697 220 2780 pulsis
238 2697 314 2781 (quo
350 2695 411 2758 *Dii
435 2696 627 2780 prohibeant)
653 2695 811 2774 Romanis,
828 2697 898 2781 quid
922 2695 1014 2774 aliud,
1039 2695 1127 2783 quaim

125 2783 206 2846 bella
229 2783 363 2846 omnium
380 2783 457 2846 inter
472 2803 505 2846 se
521 2785 653 2864 gentium
678 2784 833 2847 existent?
876 2783 1127 2866 Octingentorum

126 2891 272 2934 annorum
289 2868 409 2932 sortunri
424 2868 641 2954 disciplineque
657 2891 821 2954 compages
833 2870 896 2934 bec
907 2871 1041 2951 coaluit3
1064 2889 1126 2958 quc
1206 2879 1207 2904 ¹

123 2957 266 3034 convelli,
282 2957 347 3020 sine
363 2957 457 3020 exitio
471 2957 720 3032 convellentium,
736 2977 795 3019 non
812 2971 922 3040 potest.
969 2957 1032 3022 Sed
1045 2955 1126 3020 vobis

125 3045 293 3110 maximum
309 3044 480 3120 discrimen,
497 3063 589 3127 penes
606 3063 681 3138 quos
696 3063 802 3106 aurum
825 3058 855 3108 et
869 3065 955 3128 opes,
971 3045 1125 3142 precipue

121 3131 271 3194 bellorum
285 3149 395 3194 causae.
441 3129 574 3193 Proinde
588 3151 694 3212 pacem
708 3144 738 3193 et
750 3130 865 3206 urbem,
879 3151 968 3215 quum
981 3131 1050 3194 victi
1064 3149 1123 3192 vrc-
1206 3133 1207 3206 J

119 3231 262 3302 torosque
286 3217 395 3280 eodem
414 3216 483 3302 jure
498 3217 681 3293 obtinemus,
700 3231 809 3293 amate,
829 3216 932 3280 colite.
978 3216 1122 3281 Moneant

121 3325 176 3367 sos
200 3305 354 3387 utriusque
378 3303 502 3367 lortunae
533 3303 727 3380 documenta,
750 3325 788 3366 ne
815 3305 1037 3368 contumaciam
1055 3319 1123 3366 cum

124 3390 269 3472 pernicie,
286 3389 376 3472 quam
392 3389 571 3474 obsequium
591 3411 660 3453 cum
685 3389 856 3467 securitate,
878 3390 1011 3454 malitis!
1054 3385 1121 3453 Tali

121 3477 257 3541 oratione
274 3475 410 3555 graviora
425 3491 596 3540 metuentes
611 3477 780 3560 composuit
796 3476 966 3561 erexitque.

141 3569 146 3580 '
166 3559 303 3626 LXXV.
328 3559 528 3625 Tenebantur
544 3564 657 3627 victore
680 3565 815 3626 exercitu
831 3561 970 3642 Treveri,
986 3563 1055 3628 cium
1072 3559 1122 3624 Ci-

120 3648 187 3714 vilis
207 3662 238 3712 et
261 3648 416 3712 Classicus
440 3649 548 3711 misere
571 3649 712 3734 epistolas
741 3649 779 3712 ad
803 3648 968 3727 Cerialem,
1000 3667 1121 3736 quarum

113 3735 184 3799 -bec
206 3736 355 3809 sententia
370 3735 444 3802 suit:
469 3733 723 3820 ‘Vespasianum
737 3757 917 3822 quanquam
933 3737 1060 3801 nuntios·
1071 3752 1120 3806 oe·
