2556 4446
117 470 185 535 272
458 467 498 534 C.
523 467 631 534 Conn.
654 468 803 536 thrnr·

119 653 229 717 magna
251 631 306 698 ista
330 645 361 697 et
381 633 521 698 notabilis
536 633 717 720 eloquentia,
738 635 859 698 alumna
879 632 1015 713 licentia,
1033 657 1123 722 quam
1208 708 1210 712 ,

120 723 201 787 stulti
219 719 384 784 libertatem
401 721 559 798 vocabant,
569 743 672 784 comes
687 722 878 798 seditionum,
891 722 1028 786 effrenati
1047 745 1125 808 pop-

122 808 165 874 uli
181 809 418 883 incitamentum,
440 809 503 870 sine
519 809 675 892 obsequio,
698 809 762 871 sine
778 810 933 885 servitute,
949 823 1123 886 contumax,

119 896 291 969 temeraria,
306 913 458 978 arrogans,
475 915 540 978 quae
556 895 584 956 in
603 895 681 956 bene
696 896 863 959 constitutis
878 895 1047 958 civitatibus
1062 917 1123 958 non

15 1045 17 1058 ,
118 982 222 1046 oritur.
268 979 371 1054 Quem
388 981 468 1042 enim
484 995 634 1043 oratorem
651 980 927 1056 Lacedaemonium,
940 1003 1031 1068 quem
1045 980 1125 1046 Cre·

120 1083 236 1132 tensem
260 1068 457 1150 accepimus?
492 1089 617 1152 quarum
642 1067 794 1130 civitatem
821 1069 1011 1131 severissima
1037 1069 1124 1132 disci-

15 1159 17 1164 “
120 1153 201 1238 plina
217 1167 248 1215 et
262 1153 458 1216 severissima
474 1153 558 1236 leges
574 1149 740 1216 traduntur.
776 1152 826 1216 Ne
842 1152 1047 1218 Macedonum
1060 1155 1126 1239 qui·

120 1239 191 1302 dem
212 1261 247 1302 ac
264 1237 437 1316 Persarum,
454 1261 489 1302 ac
506 1241 593 1303 ullius
609 1240 715 1321 gentis,
753 1263 797 1304 ue
812 1256 896 1304 certo
911 1240 1037 1325 imperio
1051 1262 1125 1304 con·

119 1339 202 1390 teuta
219 1325 316 1402 suerit,
338 1327 540 1410 eloquentiam
558 1328 714 1405 norimus3
731 1263 851 1390 launoii
868 1327 1001 1410 quidam,
1026 1327 1125 1390 Athe·

119 1414 239 1476 aienses
256 1413 384 1496 plurimi,
401 1428 534 1474 oratores
549 1413 724 1488 extiterunt,
741 1413 821 1498 apud
838 1435 913 1497 quos
932 1415 1032 1476 omnia
1049 1418 1126 1497 pop·

119 1499 197 1576 ulus,
213 1499 313 1561 omnia
329 1497 468 1579 imperiti,
481 1498 591 1572 omnia,
605 1513 636 1560 ut
651 1498 694 1574 sic
707 1499 847 1574 dixerim,
859 1521 966 1563 omnes
978 1515 1124 1583 poterant.

120 1583 231 1649 Nostra
248 1605 368 1669 quoque
383 1583 498 1658 civitas,
518 1583 615 1645 donec
631 1583 750 1658 erravit,
775 1583 873 1645 donec
896 1605 929 1646 se
947 1587 1078 1666 partibus
1093 1599 1126 1648 et

120 1669 355 1736 dissensionibus
370 1683 401 1734 et
416 1667 722 1745 discordiis'consecit,
739 1669 835 1731 donec
850 1670 932 1730 nulla
949 1669 1003 1731 suit
1014 1671 1048 1732 'in
1061 1671 1126 1735 loro

119 1780 191 1843 pax,
208 1759 289 1820 nulla
304 1758 332 1820 in
350 1756 461 1820 Senatu
479 1755 649 1832 concordia,
672 1756 753 1818 nulla
769 1756 797 1817 in
810 1754 930 1840 judiciis
946 1756 1125 1834 moderatio,

120 1845 201 1907 nulla
217 1845 404 1928 superiorum
429 1843 606 1920 reverentia,
631 1843 729 1906 nullus
752 1841 980 1924 Magistratuum
1005 1843 1124 1922 modus,

120 1931 186 1996 tulit
202 1932 266 1995 sine
282 1931 374 1993 dubio
390 1928 585 1992 valentiorem
602 1929 824 2014 eloquentiam;
854 1930 940 1994 sicuti
963 1929 1125 1993 indomitus

120 2037 192 2100 ager
202 2019 292 2079 habet
308 2016 452 2100 quasdam
472 2017 578 2079 herbas
591 2017 727 2079 laetiores.
763 2015 824 2078 Sed
836 2037 892 2078 nec
902 2017 974 2079 tanti
986 2015 1126 2100 Reipub-

122 2103 186 2165 licae
202 2101 409 2164 Gracchorum
421 2102 591 2186 eloquentia
605 2103 668 2178 luit,
682 2119 712 2166 ut
726 2117 876 2185 pateretur
886 2117 917 2164 et
932 2103 1035 2185 leges:
1067 2123 1125 2166 nec

120 2187 348 2257 bonelormam
365 2187 542 2270 eloquentiae
557 2187 670 2250 Cicero
686 2189 735 2250 tali
752 2191 835 2250 exitu
854 2191 1000 2271 pensavit.

163 2271 253 2337 XLI.
277 2272 329 2336 Sic
345 2293 477 2356 quoque,
499 2273 581 2357 quod
605 2290 742 2358 superest
757 2276 870 2359 antiqui
886 2274 1061 2352 oratoribus,
1080 2273 1125 2338 so·

120 2383 187 2426 rum
204 2382 261 2424 non
278 2358 454 2435 emendatae,
481 2381 537 2422 nec
562 2361 709 2444 usquead
727 2377 830 2424 votum
845 2363 1029 2446 composite,
1052 2362 1126 2424 civi·

121 2450 189 2513 tatis
211 2461 421 2532 argumentum
437 2459 495 2516 est.
541 2444 619 2520 Quis
646 2448 726 2510 enim
753 2469 808 2510 nos
829 2448 968 2524 advocat,
992 2448 1047 2510 nisi
1074 2461 1126 2510 aut

122 2557 234 2600 nocens
251 2551 300 2600 aut
316 2535 428 2598 miser?
452 2533 531 2618 quod
550 2535 744 2616 municipium
769 2535 797 2596 in
824 2535 977 2596 civitatem
993 2547 1127 2596 nostram

122 2624 213 2700 venit,
231 2623 285 2686 nisi
301 2621 381 2706 quod
398 2636 448 2684 aut
464 2621 576 2682 vicinus
600 2621 738 2703 populus,
765 2634 816 2682 aut
832 2621 998 2683 domestica
1014 2621 1128 2683 discor-

123 2709 312 2788 dia,‘agitati
336 2727 425 2790 quam
443 2706 625 2788 provinciam
643 2721 772 2782 tuemur,
789 2707 843 2770 uisi
859 2707 1015 2790 spoliatam
1032 2727 1128 2770 vexa·

122 2795 266 2874 tamque?
305 2792 397 2874 Atqui
414 2791 520 2852 melius
537 2791 638 2860 fuisset
661 2813 718 2854 non
744 2793 837 2876 queri,
862 2794 951 2877 quam
970 2794 1125 2856 vindicari.

123 2877 216 2952 Quod
234 2879 257 2938 si
274 2877 455 2938 inveniretur
470 2877 568 2962 aliqua
594 2878 707 2955 civitas,
733 2879 761 2941 in
786 2877 845 2964 quai
869 2901 960 2942 nemo
976 2896 1126 2964 peccaret,

122 2983 326 3048 supervacuus
343 2977 423 3026 esset
438 2964 514 3026 inter
531 2966 704 3028 innocentes
718 2981 828 3042 orator,
855 2967 931 3030 sicut
947 2967 1023 3029 inter
1037 2987 1126 3029 sanos

123 3051 269 3116 medicus.
316 3048 390 3124 Quo
407 3051 613 3114 modulamen
632 3053 785 3115 minimum
803 3051 883 3130 ustis,
908 3054 1126 3138 minimumque

122 3138 274 3226 prosectirs
286 3158 332 3200 ars
349 3137 497 3200 medentis
515 3139 604 3202 habet
620 3140 647 3200 in
665 3139 709 3202 bis
721 3139 870 3219 gentibus,
881 3160 944 3224 quae
958 3140 1128 3203 firmissimis

121 3227 291 3291 valetudine
306 3245 343 3286 ac
369 3223 569 3286 saluberrimis
593 3225 770 3308 corporibus
793 3241 933 3288 utuntur:
963 3227 1006 3290 sic
1030 3228 1128 3290 minor

122 3328 273 3378 oratorum
289 3311 503 3395 obscuriorque
519 3310 613 3393 gloria
632 3326 677 3373 est
700 3312 777 3374 iuter
792 3312 888 3374 bonos
912 3334 1021 3385 mores,
1043 3314 1128 3376 etiin

123 3401 301 3486 obsequium
314 3398 444 3480 regentis
462 3412 591 3480 paratos·
618 3393 721 3470 Quid
735 3399 815 3460 enim
832 3419 909 3482 opus
924 3415 969 3463 est
985 3399 1082 3480 longis
1098 3400 1129 3462 in

124 3489 237 3551 Senatu
268 3485 433 3560 sententiis,
464 3483 533 3546 citm
564 3484 667 3568 optimi
696 3483 757 3547 citb
786 3486 997 3548 consentiant?
1042 3485 1128 3560 Quid

121 3575 224 3636 'multis
247 3573 326 3658 apud
350 3571 492 3656 populum
508 3572 712 3648 concionibus,
735 3571 804 3634 cum
821 3571 860 3634 de
877 3571 1053 3655 Republica
1068 3595 1128 3636 non

125 3660 253 3741 imperiti
279 3673 310 3721 et
332 3658 416 3720 multi
436 3658 612 3734 deliberent,
639 3658 692 3721 sed
719 3659 1009 3743 sapientissimus-et
1032 3661 1130 3724 unus?

125 3745 208 3820 Quid
224 3745 393 3808 voluntariis
408 3745 656 3821 accusationibus,
672 3745 741 3808 cbm
758 3760 819 3808 tarn
836 3745 901 3807 rard
917 3761 946 3808 et
963 3761 1023 3810 tam
1038 3747 1130 3829 parce

125 3830 291 3917 peccetur?
335 3829 419 3902 Quid
436 3831 587 3895 invidiosis
603 3848 634 3894 et
647 3831 866 3895 excedentibus
882 3833 1006 3895 modum
1023 3834 1130 3896 del'en·

124 3915 265 3987 sionibus,
275 3913 344 3974 ciam
360 3915 520 3978 clementia
535 3919 743 4000 cognoscentis
759 3917 877 3982 obviem
893 3920 1129 4002 periclitantibus

123 4004 197 4066 eat?
230 3997 367 4074 Credite,
383 3999 499 4080 optimi,
520 4019 551 4067 et
566 4005 595 4066 iu
612 4019 757 4090 quantum
778 4025 855 4090 opus
871 4021 927 4083 est,
944 4005 1130 4072 disertissimi
