2556 4446
368 340 413 386 na
437 319 656 388 Oneroataea
680 319 867 406 Dianoeas.
1053 322 1121 386 eat

118 486 281 588 anphoram
307 486 426 571 placita,
449 500 674 586 cognoveran'tt
710 486 752 550 At
777 483 912 550 Hercule
936 485 1118 568 pervulgatis

4 626 15 663 ,Ι
114 597 178 660 jam
194 575 341 659 omnibus,
364 573 434 636 otim
452 575 553 637 vrx'in
580 571 695 640 coronai
715 572 870 656 quisquam
896 571 1117 656 assistat‚·quin

1 810 26 895 ἲ.

120 661 279 742 elementis
301 659 477 736 studiorum,
498 659 553 730 etei
575 682 635 724 non
655 661 830 734 instructoe,
846 657 975 731 atcerte
990 658 1120 722 imbutus

36 772 46 788 ⁴
120 747 170 823 ait,
185 748 270 810 novis
288 763 318 809 et
340 747 495 830 exquisitis
519 747 698 830 eloquentie
718 745 873 808 itineribus
895 767 971 828 opus
991 759 1048 820 est,
1065 766 1119 828 per
1267 809 1268 816 ,

120 853 185 918 qua
205 848 303 909 orator
326 831 476 896 fastidium
499 833 615 896 aurium
638 832 773 914 effugiat,
788 831 892 915 utique
908 832 988 914 apud
1005 853 1057 894 eos
1068 829 1124 916 ju·-
1159 865 1160 870 1
1267 841 1268 852 ¹

119 919 213 995 dices,
225 920 278 1003 qui
295 919 323 982 vi
336 933 387 982 aut
405 934 563 1002 potestate,
576 941 635 982 non
648 917 716 1003 jure
731 932 762 980 et
778 917 905 999 legibue,
920 932 1119 999 cognoscunt,

120 1018 151 1070 et
166 1027 223 1068 nec
239 1005 390 1088 accipiunt
415 1021 571 1090 ternpore„¹¹
583 1005 637 1067 sed
657 1004 855 1080 constituent,
879 1025 937 1067 nec
953 1017 1121 1088 expecten-

120 1091 192 1157 dum
209 1093 321 1154 habent
335 1103 495 1168 oratorem,
508 1092 579 1156 dum
592 1091 633 1160 illi
649 1091 739 1154 libeat
749 1089 787 1152 de
799 1089 864 1172 ipso
876 1091 1119 1171 negotiodicerq

119 1179 173 1242 sed
189 1177 268 1262 sepe
284 1177 362 1240 ultro
382 1177 545 1243 admonent
559 1192 650 1262 atque
665 1177 725 1240 elio
739 1177 1010 1259 transgredientem
1031 1197 1119 1242 rere·

119 1279 190 1331 eant
205 1281 236 1326 et
248 1263 386 1328 festinare
402 1284 434 1328 se
450 1278 607 1328 testantur.
636 1305 638 1312 ,
873 1307 874 1312 κ
1061 1303 1063 1306 -

165 1349 245 1414 ΧΧ.
269 1349 349 1424 Quis
365 1372 445 1423 nuuc
461 1349 536 1414 serat
550 1365 697 1424 oratorem
708 1349 747 1414 de
763 1349 932 1416 infirmitate
943 1350 1124 1418 valetudinis

119 1457 179 1500 sua
196 1436 394 1520 praesantem?
417 1438 516 1522 qualia
537 1454 608 1502 sunt
624 1437 687 1500 lere
703 1438 847 1520 principia
863 1438 996 1502 Corvini.
1041 1438 1121 1512 Quis

121 1525 253 1610 quinque
268 1525 297 1588 in
316 1523 445 1587 Verrem
469 1525 558 1586 libros
581 1525 811 1604 expectarent?
832 1567 835 1573 t
853 1521 936 1594 'Quis
952 1524 990 1586 de
1006 1545 1122 1608 excep·

118 1611 201 1693 tione
224 1627 254 1674 et
276 1609 405 1674 lcrmulri
429 1610 613 1691 perpetietur
634 1608 685 1670 illa
704 1609 855 1672 ,immensa
871 1609 1031 1684 volumina,
1050 1629 1119 1692 que

120 1718 176 1780 pro
199 1696 247 1758 M.
267 1695 456 1770 Tullio,.aut
472 1695 514 1756 A.
539 1691 664 1756 Caecind
685 1692 834 1774 legimus?
880 1692 1041 1757 Praecurrit
1060 1695 1120 1758 hoc

119 1796 257 1864 tempore
268 1779 366 1864 judex
390 1780 541 1849 dicentem
558 1794 599 1856 ct,
614 1778 670 1840 nisi
685 1794 737 1840 aut
752 1800 840 1842 cursu
863 1777 1120 1860 argumentorum,

119 1881 171 1930 aut
189 1867 291 1930 colore
306 1867 532 1950 sententiarum,
555 1880 607 1929 aut
621 1865 716 1938 nitore
732 1879 764 1928 et
778 1865 861 1928 cultu
885 1865 1120 1950 descriptionum

119 1953 259 2019 invitatus
290 1966 321 2016 et
350 1967 507 2036 corruptus
537 1966 593 2027 est,
617 1967 770 2016 aversatur
793 1951 957 2026 dicentem.
1001 1951 1122 2036 Vulgus

120 2060 239 2125 quoque
263 2039 461 2106 assistentium
484 2051 515 2102 et
531 2039 663 2102 'affluens
683 2055 713 2102 et
737 2043 829 2121 vagus
852 2039 969 2102 auditor
991 2041 1124 2107 assuevit

116 2126 182 2213 jam
212 2125 337 2207 exigere
360 2125 500 2190 ,letitiam
528 2141 559 2190 et
589 2125 842 2210 pulchritudinem
872 2127 1033 2206 orationis3
1064 2149 1124 2192 nec

120 2209 217 2294 magis
233 2210 344 2295 perfert
359 2212 387 2274 in
400 2211 521 2296 judiciis
537 2212 650 2274 tristem
674 2227 704 2280 et
726 2211 880 2295 impexam
905 2213 1121 2297 antiquitatem,

121 2297 247 2384 quamsi
263 2298 329 2382 quis
351 2298 379 2360 in
397 2297 491 2360 sceui
507 2297 611 2362 Roscii
627 2314 677 2361 aut
692 2297 857 2380 Turpionis
872 2298 1004 2360 Ambivii
1021 2299 1122 2382 expri-

120 2406 204 2448 mere
220 2400 321 2466 gestue
338 2385 419 2446 velit.
464 2383 534 2449 Jam
559 2382 631 2446 verti
649 2382 791 2467 juvence,
814 2383 843 2444 in
867 2381 933 2465 iperi
954 2383 1120 2448 studiorum

120 2472 230 2536 incude
252 2471 350 2554 positi,
374 2471 424 2554 qui
446 2469 602 2553 *profectius
616 2467 669 2532 -sui
691 2467 785 2532 causa
806 2484 938 2533 oratores
957 2481 1120 2549 sectantur,

120 2579 179 2622 non
197 2557 292 2622 saltim
309 2558 423 2634 audire,
440 2558 596 2621 sedetiam
613 2555 723 2620 referre
739 2556 862 2620 domum
885 2555 995 2640 aliquid
1008 2557 1120 2622 illustre

120 2660 150 2710 et
166 2646 290 2727 dignum
312 2644 458 2708 memorii
481 2645 606 2708 volunt:
629 2643 961 2728 traduntqueinvicem
984 2664 1020 2708 ac
1040 2646 1124 2729 sepia

120 2732 150 2807 in
166 2733 299 2796 colonias
315 2754 350 2796 ac
374 2732 542 2814 provincias
564 2752 640 2792 suas,
655 2731 798 2804 scribunt,
813 2729 878 2792 sive
893 2751 999 2794 sensus
1014 2731 1121 2816 aliquis

121 2818 226 2898 arguti
248 2833 279 2880 et
294 2817 376 2878 brevi
400 2814 550 2878 sententia
571 2815 692 2891 effulsit,
719 2815 783 2876 sive
806 2815 891 2877 locus
915 2815 1065 2900 exquisito
1090 2833 1122 2884 et

12 2912 14 2921 '
120 2904 242 2986 poetico
257 2902 341 2964 cultu
355 2901 472 2962 enituit.
516 2898 659 2981 Erigitur
674 2900 753 2962 enirn
766 2899 829 2982 jarn
842 2900 880 2962 ab
895 2917 1013 2964 oratore
1029 2905 1120 2966 etiam

121 2989 258 3072 poeticus
281 2987 383 3062 decor,
407 3008 465 3048 non
484 2987 558 3050 Attii
581 3001 632 3048 aut
647 2985 774 3048 Pacuvii
790 2999 915 3048 veterno
937 2986 1119 3071 inquinatus,

120 3074 173 3138 sed
190 3096 230 3136 err
248 3072 363 3137 Horatii
376 3089 406 3136 et
415 3071 531 3150 Virgilii
547 3089 576 3138 et
593 3071 709 3136 Lucani
722 3073 850 3136 sacrario
867 3071 1007 3156 prolatus.
1053 3072 1120 3138 Ho-

120 3183 186 3224 rum
202 3160 426 3243 igiturauribus
441 3175 470 3224 et
481 3159 601 3244 judiciis
613 3161 826 3243 obtemperans
841 3174 1009 3222 nostrorum
1024 3175 1121 3224 orato·

120 3269 186 3312 rum
203 3263 283 3324 atas,
301 3247 451 3330 pulchrior
466 3261 496 3308 et
512 3247 641 3314 ornatior
656 3246 765 3310 extitit.
811 3243 921 3329 Neque
938 3246 1007 3307 ideo
1023 3246 1122 3310 minus

122 3335 261 3397 efficaces
276 3347 344 3396 sunt
366 3334 516 3396 orationes
538 3348 656 3408 nostra,
672 3333 741 3418 quia
756 3331 799 3394 ad.
816 3353 904 3394 aures
921 3329 1122 3415 judicantium

120 3441 190 3484 cum
202 3421 357 3504 voluptate
368 3420 557 3502 perveniunt.
603 3418 688 3493 Quid
701 3420 793 3493 enim,
805 3419 829 3482 ai
842 3418 1001 3483 infirmiora
1013 3420 1120 3484 horum

120 3521 290 3591 temporum
315 3507 426 3590 templa
448 3505 565 3580 credas,
582 3507 651 3590 quia
667 3529 725 3570 non
741 3506 807 3568 rudi
822 3519 970 3568 cemento
985 3521 1015 3570 et
1030 3505 1122 3570 insor-

120 3593 218 3658 mibus
241 3593 350 3676 tegulis
373 3606 579 3670 exstruuntur,
595 3593 649 3656 sed
665 3613 813 3656 marmore
829 3592 926 3656 nitent
939 3608 972 3656 et
987 3614 1060 3659 auro
1074 3616 1122 3660 ra-

122 3681 263 3744 diantur?

165 3765 258 3831 XXl.
283 3747 436 3852 Equidem
452 3765 567 3832 fatebor
582 3767 666 3831 vobis
689 3767 874 3850 simpliciter,
890 3789 939 3830 me
955 3767 985 3830 in
1002 3769 1123 3852 quibus·

122 3854 191 3918 dam
207 3854 394 3940 antiquorum
412 3855 462 3918 vix
485 3855 588 3934 risum,
603 3855 632 3919 in
657 3853 833 3940 quibusdam
857 3855 959 3920 etitem
975 3856 1026 3919 vix
1039 3875 1124 3919 som·
