2560 4258
180 316 272 382 mc
289 317 380 400 69.]'
477 313 617 378 Hieron.
642 313 717 417 Lus.
741 313 884 378 Pramus.
912 331 913 334 ’
1076 258 1077 262 ¹
1161 315 1182 380 5

179 485 287 548 tiorum
303 495 471 558 oneratum,
494 495 648 544 contemtu
666 481 776 550 inertiae
793 478 997 542 destruebant.
1043 477 1182 542 Tardum

181 570 288 634 Galbae
304 571 359 633 iter
370 584 401 631 et
412 583 582 643 cruentum,
599 567 763 629 intersectis
776 565 926 648 Cingonio
936 564 1083 642 Varrone,
1097 565 1182 628 Con·
1276 599 1277 602 ¹

181 658 248 721 sule
264 657 431 740 designato,
455 649 489 716 et¹
502 654 645 716 Petronio
660 653 847 736 Turpiliano,
865 653 1046 716 Consulari:
1071 653 1132 728 ille,
1148 665 1182 715 ut
1276 675 1277 680 ¹

182 741 362 827 Nymphidii
379 743 487 817 socius,
505 742 564 816 hio,
587 755 618 802 ut
635 741 697 802 dux
714 737 854 815 Neronis,
879 739 1001 802 inauditi
1025 757 1115 822 atque
1137 739 1182 801 in·
1276 795 1277 816 ,

183 828 309 906 defensi,
335 844 477 912 tanquam
503 828 689 902 innoeentes,
715 827 875 908 perierant.
922 824 1060 890 introitus
1084 827 1112 887 in
1135 847 1182 888 ur·
1276 879 1277 890 t

183 915 267 992 bern,
290 915 442 976 trucidatis
467 928 511 976 tot
537 914 666 976 millibus
690 913 849 974 inermium
873 913 1011 988 militum,
1039 911 1183 975 infaustus
1276 943 1277 960 t

180 1003 294 1077 omine,
310 1017 399 1084 atque
415 1001 486 1082 ipsis
498 1001 599 1076 etiam,
617 1001 666 1083 qui
679 999 862 1074 occiderant,
879 998 1101 1061 formidolosus
1132 998 1182 1061 ln-
1276 1009 1277 1070 j

183 1087 277 1150 ductii
293 1089 411 1168 legione
428 1085 576 1168 Hispania,
593 1101 767 1148 remanente
784 1084 831 1161 eia,
848 1107 937 1169 quam
954 1107 971 1148 e
987 1087 1082 1147 classe
1099 1084 1184 1149 Nero

181 1175 412 1256 conscripserat,
437 1173 525 1256 plena
542 1173 613 1234 urbs
635 1173 770 1234 exercitu
795 1173 933 1234 insolito:
958 1173 1043 1252 motti
1066 1173 1102 1234 ad
1126 1173 1184 1252 ltoc

184 1261 342 1335 numeria
366 1258 532 1323 Germania
557 1280 591 1320 ao
616 1256 774 1323 Britannia
798 1275 827 1322 et
852 1258 982 1340 illyrico,
1010 1280 1083 1342 quos
1102 1259 1182 1322 idem

184 1345 280 1422 Nero,
297 1346 410 1408 electos
429 1347 653 1429 praemissosque
670 1346 706 1406 ad
723 1346 851 1406 claustra
868 1345 1058 1427 Caspiarum,
1075 1361 1105 1408 et
1120 1345 1185 1408 bel·

182 1432 257 1510 lum,
275 1433 354 1517 quod
371 1433 399 1494 in
417 1433 551 1494 Albanos
569 1433 700 1514 parabat,
724 1431 929 1514 opprimendis
949 1431 1083 1494 Vindicis
1099 1453 1184 1516 coep·

1 1578 3 1612 r
92 1517 94 1522 ’
182 1520 219 1582 tis
246 1534 458 1581 revocaverat:
483 1519 588 1598 ingens
614 1519 699 1580 novis
727 1519 816 1582 rebus
843 1519 977 1595 materia,
1008 1535 1041 1581 ut
1067 1541 1126 1581 non
1154 1519 1183 1582 in
1276 1551 1277 1556 1

183 1627 275 1668 unum
293 1606 422 1687 aliquem
448 1622 542 1686 prono
558 1603 670 1680 lavore,
688 1605 733 1666 ita
750 1605 872 1667 audenti
896 1620 1008 1686 parata.
1063 1637 1066 1646 ,

227 1690 300 1754 Vll.
333 1689 433 1770 Forte¹
457 1707 646 1772 congruerat,
677 1706 710 1752 ut
741 1689 841 1752 Clodii
873 1689 969 1753 Macri
1001 1707 1031 1755 et
1061 1691 1182 1755 Fonteii
1276 1761 1277 1776 ,

63 1820 83 1843 -.
181 1775 340 1858 Capitonis
362 1777 460 1839 caedes
484 1780 700 1842 nuntiarentur.
747 1776 898 1852 Macrum,
922 1779 949 1838 in
975 1775 1079 1840 Attica
1102 1779 1182 1842 baud

182 1863 273 1924 dubie
290 1864 470 1938 turbantem,
487 1861 658 1924 Trebonius
674 1862 874 1940 (latomenus,
898 1863 1079 1926 Procurator
1097 1863 1189 1950 jussu

186 1947 312 2023 Galbae;
335 1947 518 2030 Capitonem
543 1950 571 2010 in
596 1948 771 2026 Germania,
798 1950 867 2012 crim
894 1951 1000 2013 similia
1026 1965 1185 2034 coaptaret,

185 2033 346 2116 Cornelius
364 2034 502 2118 Aquinus
525 2051 555 2096 et
571 2033 684 2097 Fabius
699 2033 823 2110 Valens,
848 2036 955 2118 Legati
972 2037 1123 2120 legionum
1140 2041 1184 2102 in·
1276 2061 1277 2104 f

185 2120 373 2200 terlecerant,
400 2137 558 2205 antequam
579 2122 767 2207 juberentur.
813 2121 916 2186 Fuere
941 2127 990 2210 qui
1014 2127 1184 2205 crederent,

183 2206 381 2290 Capitonem,
406 2223 437 2272 ut
462 2207 586 2270 avaritiis
609 2223 640 2270 et
659 2209 780 2270 libidine
797 2208 910 2272 soedum
927 2231 962 2274 ao
986 2213 1184 2292 maculosum,
1276 2239 1277 2242 ¹

181 2293 221 2356 ita
237 2295 419 2374 cogitatione
435 2313 533 2356 rerum
559 2315 702 2356 novarum
727 2296 902 2358 abstinuisse
913 2319 921 2374 3
945 2299 997 2359 sed
1015 2321 1031 2360 a
1048 2297 1184 2382 LegatiS,
1276 2331 1277 2336 ¹

179 2379 292 2442 bellurn
307 2381 512 2455 suadentibus
537 2396 694 2464 postquam
718 2381 874 2464 impellere
900 2385 1100 2467 nequiverint,
1124 2388 1181 2450 cri-

181 2487 250 2528 men
276 2487 312 2530 ac
337 2467 438 2528 dolum
460 2468 661 2549 compositum
688 2467 783 2530 ultrti:
809 2484 839 2531 et
861 2468 992 2533 Galbam
1016 2473 1182 2537 mobilitate
1276 2475 1277 2492 ³

181 2552 303 2634 ingenii,
323 2575 372 2628 an,
396 2575 434 2614 ne
451 2553 538 2614 altiirs
554 2569 746 2630 scrutaretur,
770 2577 891 2640 quoquo
908 2558 997 2620 modo
1013 2574 1091 2635 acta,
1115 2563 1185 2644 quie
1276 2579 1277 2630 t

181 2639 287 2702 mutari
317 2661 376 2701 non
410 2655 558 2722 poterant,
588 2640 820 2722 comprobasse(
875 2642 1022 2706 Ceterirm
1058 2661 1185 2732 utraque
1276 2665 1277 2718 ζ

180 2726 278 2788 cades
294 2725 411 2788 sinistre
428 2742 571 2809 accepta:
596 2741 627 2789 et
643 2728 738 2790 inviso
754 2729 847 2790 semel
865 2729 1018 2814 Principe,
1034 2753 1088 2794 seu
1106 2734 1184 2796 bene
1276 2775 1277 2794 r

179 2831 232 2873 seu
252 2811 330 2874 male
351 2811 429 2874 sacta
454 2828 605 2895 premunt.
651 2813 720 2876 Jarn
746 2815 911 2878 afferebant
936 2819 1050 2880 venalia
1074 2835 1184 2886 cuncta
1276 2863 1277 2894 r

183 2911 382 2978 praepotentes
410 2899 527 2962 liberti:
553 2891 714 2962 'servorum
742 2923 849 2964 manus
878 2903 983 2966 subitis
1009 2902 1114 2984 avidae,
1141 2923 1183 2986 et,
1276 2899 1277 2944 l

181 2997 322 3064 tanquam
340 2984 419 3066 apud
447 3007 562 3061 senem,
587 2986 782 3050 festinantes:
799 2981 976 3074 'eademque
1000 3013 1084 3054 nove
1109 2995 1183 3058 aule

180 3068 269 3144 mala,
286 3069 370 3152 aequb
387 3072 498 3151 gravia,
515 3095 573 3134 non
591 3073 676 3156 aequ'e
697 3074 852 3137 excusata.
901 3075 967 3159 lpsa
991 3093 1060 3140 aetas
1077 3079 1182 3146 Galbae

179 3155 271 3218 irrisui
289 3177 324 3217 ac
340 3155 457 3218 fastidio
473 3175 534 3220 erat
551 3161 675 3220 assuetis
694 3159 827 3245 juventae
844 3160 985 3238 Neronis,
1002 3181 1030 3228 et
1048 3163 1183 3249 impera·

180 3256 259 3304 tores
277 3241 372 3304 formai
391 3265 426 3306 aa
443 3243 552 3307 deeora
575 3247 718 3330 corporis,
743 3262 775 3310 ut
792 3263 836 3310 est
860 3269 925 3310 mos
943 3250 1033 3332 vulgi,
1057 3273 1182 3338 compa·
1276 3297 1277 3340 q

178 3329 321 3390 rantibus.
1276 3343 1277 3346 ’

221 3413 310 3477 Vttl.
335 3415 377 3478 Et
395 3417 442 3480 hio
467 3419 588 3502 quidem
615 3419 743 3498 Romae,-
765 3437 906 3506 tanquam
929 3425 958 3486 in
975 3424 1058 3487 tantia
1081 3428 1181 3492 multi·
1276 3437 1277 3502 l

179 3500 294 3578 tudine,
325 3502 442 3566 habitus
469 3507 634 3568 animorum
661 3506 726 3569 suit.
773 3507 802 3570 Ε
828 3511 998 3592 provinciis
1028 3511 1181 3596 Hispania
1276 3509 1277 3548 l

180 3603 303 3669 praerat
319 3588 447 3652 Cluvius
465 3589 575 3666 Rufus,
594 3595 636 3656 vir
653 3594 798 3658 secundus
814 3611 844 3657 et
861 3597 942 3679 pacis
959 3598 1080 3674 artibus
1097 3601 1182 3665 bellis
1276 3631 1277 3664 r

177 3673 363 3756 inexpertus.
411 3677 527 3754 Galliae,
553 3700 644 3762 super
671 3682 845 3744 memoriam
872 3681 1019 3760 Vindicis,
1043 3687 1180 3768 obligate
1276 3689 1277 3726 l

176 3762 289 3824 recenti
306 3763 385 3824 dono
403 3761 550 3827 Romanae
567 3767 705 3842 civitatis,
722 3781 752 3830 et
765 3768 793 3829 in
811 3784 964 3852 posterum
983 3771 1082 3834 tributi
1099 3773 1182 3836 leva·

176 3862 290 3913 mento.
336 3848 488 3914 Proxime
515 3867 616 3916 tamen
644 3851 833 3918 Germanicis
860 3857 1044 3920 exercitibus
1067 3857 1181 3928 Gallia·
1276 3869 1277 3896 ³

613 3939 652 4006 1*
