<?xml version="1.0" encoding="UTF-8"?>
<!DOCTYPE html PUBLIC "-//W3C//DTD XHTML 1.0 Transitional//EN"
    "http://www.w3.org/TR/xhtml1/DTD/xhtml1-transitional.dtd">
<html xmlns="http://www.w3.org/1999/xhtml" xml:lang="en" lang="en">
 <head>
  <title>
</title>
<meta http-equiv="Content-Type" content="text/html;charset=utf-8" />
  <meta name='ocr-system' content='tesseract 3.04.00' />
  <meta name='ocr-capabilities' content='ocr_page ocr_carea ocr_par ocr_line ocrx_word'/>
</head>
<body>
  <div class='ocr_page' id='page_1' title='image "./ccorneliitaciti24tacigoog_0137.png"; bbox 0 0 2516 4250; ppageno 0'>
   <div class='ocr_carea' id='block_1_1' title="bbox 133 215 1134 298">
    <p class='ocr_par' dir='ltr' id='par_1_1' title="bbox 133 215 1134 298">
     <span class='ocr_line' id='line_1_1' title="bbox 133 215 1134 298; baseline 0 -14"><span class='ocrx_word' id='word_1_1' title='bbox 133 217 174 284; x_wconf 76' lang='lat' dir='ltr'>A.</span> <span class='ocrx_word' id='word_1_2' title='bbox 190 215 232 282; x_wconf 92' lang='lat' dir='ltr'>C.</span> <span class='ocrx_word' id='word_1_3' title='bbox 247 216 317 298; x_wconf 90' lang='grc'><strong>69.]</strong></span> <span class='ocrx_word' id='word_1_4' title='bbox 407 215 865 284; x_wconf 80' lang='lat' dir='ltr'>Hrsron.L1s.Sacunnrrs.</span> <span class='ocrx_word' id='word_1_5' title='bbox 1092 219 1134 284; x_wconf 82' lang='lat'>61</span> 
     </span>
    </p>
   </div>
   <div class='ocr_carea' id='block_1_2' title="bbox 128 381 1138 3698">
    <p class='ocr_par' dir='ltr' id='par_1_2' title="bbox 129 381 1138 1510">
     <span class='ocr_line' id='line_1_2' title="bbox 178 381 1137 484; baseline 0.002 -36"><span class='ocrx_word' id='word_1_6' title='bbox 178 381 325 448; x_wconf 87' lang='lat' dir='ltr'>XXXV</span> <span class='ocrx_word' id='word_1_7' title='bbox 349 383 545 450; x_wconf 75' lang='lat' dir='ltr'>Othoniani</span> <span class='ocrx_word' id='word_1_8' title='bbox 538 406 567 448; x_wconf 89' lang='lat' dir='ltr'>ru</span> <span class='ocrx_word' id='word_1_9' title='bbox 590 385 658 465; x_wconf 77' lang='lat' dir='ltr'>ripb</span> <span class='ocrx_word' id='word_1_10' title='bbox 672 390 773 446; x_wconf 84' lang='lat' dir='ltr'>turrim</span> <span class='ocrx_word' id='word_1_11' title='bbox 798 399 980 460; x_wconf 80' lang='lat' dir='ltr'>struxerant,</span> <span class='ocrx_word' id='word_1_12' title='bbox 1003 404 1137 484; x_wconf 81' lang='lat' dir='ltr'>saxaque</span> 
     </span>
     <span class='ocr_line' id='line_1_3' title="bbox 132 469 1136 556; baseline 0.002 -22"><span class='ocrx_word' id='word_1_13' title='bbox 132 483 165 534; x_wconf 90' lang='lat' dir='ltr'>et</span> <span class='ocrx_word' id='word_1_14' title='bbox 179 469 261 534; x_wconf 86' lang='lat' dir='ltr'>faces</span> <span class='ocrx_word' id='word_1_15' title='bbox 272 470 493 555; x_wconf 88' lang='lat' dir='ltr'>jaculabantur.</span> <span class='ocrx_word' id='word_1_16' title='bbox 539 469 582 534; x_wconf 85' lang='lat' dir='ltr'>Et</span> <span class='ocrx_word' id='word_1_17' title='bbox 597 487 662 534; x_wconf 91' lang='lat' dir='ltr'>erat</span> <span class='ocrx_word' id='word_1_18' title='bbox 674 471 767 534; x_wconf 87' lang='lat' dir='ltr'>insula</span> <span class='ocrx_word' id='word_1_19' title='bbox 780 492 870 534; x_wconf 90' lang='lat' dir='ltr'>amne</span> <span class='ocrx_word' id='word_1_20' title='bbox 881 471 1013 547; x_wconf 88' lang='lat' dir='ltr'>medio,</span> <span class='ocrx_word' id='word_1_21' title='bbox 1006 494 1136 556; x_wconf 89' lang='lat' dir='ltr'>mquam</span> 
     </span>
     <span class='ocr_line' id='line_1_4' title="bbox 132 556 1138 642; baseline 0 -21"><span class='ocrx_word' id='word_1_22' title='bbox 132 557 313 641; x_wconf 79' lang='lat' dir='ltr'><strong>gladiatores</strong></span> <span class='ocrx_word' id='word_1_23' title='bbox 329 558 454 620; x_wconf 89' lang='lat' dir='ltr'>navibus</span> <span class='ocrx_word' id='word_1_24' title='bbox 469 557 638 634; x_wconf 83' lang='lat' dir='ltr'><strong>molientes,</strong></span> <span class='ocrx_word' id='word_1_25' title='bbox 654 556 800 620; x_wconf 85' lang='lat' dir='ltr'>Germani</span> <span class='ocrx_word' id='word_1_26' title='bbox 816 560 917 620; x_wconf 89' lang='lat' dir='ltr'>nando</span> <span class='ocrx_word' id='word_1_27' title='bbox 934 559 1138 642; x_wconf 80' lang='lat' dir='ltr'>pralabeban·</span> 
     </span>
     <span class='ocr_line' id='line_1_5' title="bbox 129 643 1135 728; baseline 0 -20"><span class='ocrx_word' id='word_1_28' title='bbox 129 659 190 708; x_wconf 89' lang='lat' dir='ltr'>tur.</span> <span class='ocrx_word' id='word_1_29' title='bbox 235 645 283 708; x_wconf 87' lang='lat' dir='ltr'>Ao</span> <span class='ocrx_word' id='word_1_30' title='bbox 307 643 381 708; x_wconf 76' lang='lat' dir='ltr'>sorte</span> <span class='ocrx_word' id='word_1_31' title='bbox 407 645 508 728; x_wconf 89' lang='lat' dir='ltr'>plures</span> <span class='ocrx_word' id='word_1_32' title='bbox 530 660 741 726; x_wconf 85' lang='lat' dir='ltr'>transgressos,</span> <span class='ocrx_word' id='word_1_33' title='bbox 767 645 928 728; x_wconf 89' lang='lat' dir='ltr'>completis</span> <span class='ocrx_word' id='word_1_34' title='bbox 953 644 1135 723; x_wconf 80' lang='lat' dir='ltr'>Liburnicis,</span> 
     </span>
     <span class='ocr_line' id='line_1_6' title="bbox 131 730 1138 816; baseline 0.002 -22"><span class='ocrx_word' id='word_1_35' title='bbox 131 753 188 816; x_wconf 90' lang='lat' dir='ltr'>per</span> <span class='ocrx_word' id='word_1_36' title='bbox 203 731 419 816; x_wconf 87' lang='lat' dir='ltr'>promtissimus</span> <span class='ocrx_word' id='word_1_37' title='bbox 435 731 634 814; x_wconf 82' lang='lat' dir='ltr'>gladiatorum</span> <span class='ocrx_word' id='word_1_38' title='bbox 656 730 761 794; x_wconf 83' lang='lat' dir='ltr'>Macer</span> <span class='ocrx_word' id='word_1_39' title='bbox 776 733 958 813; x_wconf 83' lang='lat' dir='ltr'>aggreditur.</span> <span class='ocrx_word' id='word_1_40' title='bbox 1005 731 1067 794; x_wconf 87' lang='lat' dir='ltr'>Sed</span> <span class='ocrx_word' id='word_1_41' title='bbox 1084 753 1138 798; x_wconf 90' lang='lat' dir='ltr'>ne·</span> 
     </span>
     <span class='ocr_line' id='line_1_7' title="bbox 133 818 1137 923; baseline 0.001 -41"><span class='ocrx_word' id='word_1_42' title='bbox 133 839 193 904; x_wconf 90' lang='lat' dir='ltr'>que</span> <span class='ocrx_word' id='word_1_43' title='bbox 215 840 253 882; x_wconf 88' lang='lat' dir='ltr'>ea</span> <span class='ocrx_word' id='word_1_44' title='bbox 275 819 441 882; x_wconf 87' lang='lat' dir='ltr'>constantia</span> <span class='ocrx_word' id='word_1_45' title='bbox 465 819 678 901; x_wconf 78' lang='lat' dir='ltr'>gladiatoribus</span> <span class='ocrx_word' id='word_1_46' title='bbox 700 818 737 881; x_wconf 91' lang='lat' dir='ltr'>ad</span> <span class='ocrx_word' id='word_1_47' title='bbox 741 820 865 923; x_wconf 78' lang='lat' dir='ltr'>prelia,</span> <span class='ocrx_word' id='word_1_48' title='bbox 888 841 954 903; x_wconf 78' lang='lat' dir='ltr'>que</span> <span class='ocrx_word' id='word_1_49' title='bbox 971 819 1137 899; x_wconf 88' lang='lat' dir='ltr'>militibus;</span> 
     </span>
     <span class='ocr_line' id='line_1_8' title="bbox 131 904 1137 1004; baseline 0 -36"><span class='ocrx_word' id='word_1_50' title='bbox 131 927 190 970; x_wconf 91' lang='lat' dir='ltr'>nec</span> <span class='ocrx_word' id='word_1_51' title='bbox 206 905 339 989; x_wconf 86' lang='lat' dir='ltr'>perinde</span> <span class='ocrx_word' id='word_1_52' title='bbox 347 920 485 969; x_wconf 88' lang='lat' dir='ltr'>nutantes</span> <span class='ocrx_word' id='word_1_53' title='bbox 501 927 519 968; x_wconf 89' lang='lat' dir='ltr'>e</span> <span class='ocrx_word' id='word_1_54' title='bbox 542 906 678 981; x_wconf 87' lang='lat' dir='ltr'>navibus,</span> <span class='ocrx_word' id='word_1_55' title='bbox 694 905 785 1004; x_wconf 77' lang='lat' dir='ltr'>quiam</span> <span class='ocrx_word' id='word_1_56' title='bbox 801 906 899 968; x_wconf 86' lang='lat' dir='ltr'>stabili</span> <span class='ocrx_word' id='word_1_57' title='bbox 915 906 1010 988; x_wconf 90' lang='lat' dir='ltr'>gradu</span> <span class='ocrx_word' id='word_1_58' title='bbox 1026 927 1044 968; x_wconf 91' lang='lat' dir='ltr'>e</span> <span class='ocrx_word' id='word_1_59' title='bbox 1059 904 1137 990; x_wconf 76' lang='lat' dir='ltr'>ripis,</span> 
     </span>
     <span class='ocr_line' id='line_1_9' title="bbox 131 991 1137 1076; baseline 0.002 -22"><span class='ocrx_word' id='word_1_60' title='bbox 131 991 257 1056; x_wconf 88' lang='lat' dir='ltr'>vulnera</span> <span class='ocrx_word' id='word_1_61' title='bbox 282 992 458 1074; x_wconf 84' lang='lat' dir='ltr'>dirigebant.</span> <span class='ocrx_word' id='word_1_62' title='bbox 505 991 609 1069; x_wconf 87' lang='lat' dir='ltr'>Et,</span> <span class='ocrx_word' id='word_1_63' title='bbox 578 1013 648 1054; x_wconf 92' lang='lat' dir='ltr'>cum</span> <span class='ocrx_word' id='word_1_64' title='bbox 666 993 754 1055; x_wconf 88' lang='lat' dir='ltr'>variis</span> <span class='ocrx_word' id='word_1_65' title='bbox 776 992 990 1076; x_wconf 81' lang='lat' dir='ltr'>trepidantium</span> <span class='ocrx_word' id='word_1_66' title='bbox 1012 993 1137 1056; x_wconf 86' lang='lat' dir='ltr'>inclina·</span> 
     </span>
     <span class='ocr_line' id='line_1_10' title="bbox 130 1079 1137 1164; baseline -0.001 -21"><span class='ocrx_word' id='word_1_67' title='bbox 130 1079 271 1155; x_wconf 86' lang='lat' dir='ltr'>tionibus,</span> <span class='ocrx_word' id='word_1_68' title='bbox 288 1079 373 1142; x_wconf 89' lang='lat' dir='ltr'>mixti</span> <span class='ocrx_word' id='word_1_69' title='bbox 397 1079 526 1162; x_wconf 85' lang='lat' dir='ltr'>remiges</span> <span class='ocrx_word' id='word_1_70' title='bbox 549 1093 849 1164; x_wconf 81' lang='lat' dir='ltr'>propugnatoresque</span> <span class='ocrx_word' id='word_1_71' title='bbox 864 1079 1065 1157; x_wconf 88' lang='lat' dir='ltr'>turbarentur,</span> <span class='ocrx_word' id='word_1_72' title='bbox 1082 1080 1137 1142; x_wconf 90' lang='lat' dir='ltr'>de·</span> 
     </span>
     <span class='ocr_line' id='line_1_11' title="bbox 131 1165 1136 1250; baseline -0.002 -18"><span class='ocrx_word' id='word_1_73' title='bbox 131 1166 241 1232; x_wconf 84' lang='lat' dir='ltr'>silire</span> <span class='ocrx_word' id='word_1_74' title='bbox 235 1189 263 1228; x_wconf 94' lang='lat' dir='ltr'>m</span> <span class='ocrx_word' id='word_1_75' title='bbox 289 1165 365 1228; x_wconf 88' lang='lat' dir='ltr'>vada</span> <span class='ocrx_word' id='word_1_76' title='bbox 383 1165 461 1230; x_wconf 84' lang='grc' dir='ltr'><strong>ιιΙιιό</strong></span> <span class='ocrx_word' id='word_1_77' title='bbox 484 1165 641 1243; x_wconf 84' lang='lat' dir='ltr'>Germani,</span> <span class='ocrx_word' id='word_1_78' title='bbox 661 1180 811 1228; x_wconf 86' lang='lat' dir='ltr'>retentare</span> <span class='ocrx_word' id='word_1_79' title='bbox 834 1188 965 1250; x_wconf 90' lang='lat' dir='ltr'>puppes,</span> <span class='ocrx_word' id='word_1_80' title='bbox 990 1166 1136 1230; x_wconf 86' lang='lat' dir='ltr'>scandere</span> 
     </span>
     <span class='ocr_line' id='line_1_12' title="bbox 132 1251 1138 1338; baseline 0.001 -23"><span class='ocrx_word' id='word_1_81' title='bbox 132 1251 223 1330; x_wconf 89' lang='lat' dir='ltr'>soros,</span> <span class='ocrx_word' id='word_1_82' title='bbox 239 1267 290 1314; x_wconf 90' lang='lat' dir='ltr'>aut</span> <span class='ocrx_word' id='word_1_83' title='bbox 304 1253 442 1316; x_wconf 91' lang='lat' dir='ltr'>cominus</span> <span class='ocrx_word' id='word_1_84' title='bbox 452 1274 606 1334; x_wconf 85' lang='lat' dir='ltr'>mergere:</span> <span class='ocrx_word' id='word_1_85' title='bbox 631 1275 696 1336; x_wconf 81' lang='lat' dir='ltr'>que</span> <span class='ocrx_word' id='word_1_86' title='bbox 706 1269 826 1329; x_wconf 89' lang='lat' dir='ltr'>cuncta,</span> <span class='ocrx_word' id='word_1_87' title='bbox 839 1254 867 1316; x_wconf 92' lang='lat' dir='ltr'>in</span> <span class='ocrx_word' id='word_1_88' title='bbox 879 1253 973 1316; x_wconf 86' lang='lat' dir='ltr'>oculis</span> <span class='ocrx_word' id='word_1_89' title='bbox 983 1255 1138 1338; x_wconf 90' lang='lat' dir='ltr'>utriusque</span> 
     </span>
     <span class='ocr_line' id='line_1_13' title="bbox 132 1338 1137 1424; baseline 0.001 -21"><span class='ocrx_word' id='word_1_90' title='bbox 132 1338 297 1415; x_wconf 77' lang='lat' dir='ltr'>exercitius,</span> <span class='ocrx_word' id='word_1_91' title='bbox 312 1339 425 1424; x_wconf 75' lang='lat' dir='ltr'>quantit</span> <span class='ocrx_word' id='word_1_92' title='bbox 441 1340 550 1403; x_wconf 84' lang='lat' dir='ltr'>latiora</span> <span class='ocrx_word' id='word_1_93' title='bbox 567 1338 748 1412; x_wconf 86' lang='lat' dir='ltr'>Vitellianis,</span> <span class='ocrx_word' id='word_1_94' title='bbox 764 1338 848 1402; x_wconf 83' lang='lat' dir='ltr'>tantb</span> <span class='ocrx_word' id='word_1_95' title='bbox 860 1340 956 1404; x_wconf 86' lang='lat' dir='ltr'>acriirs</span> <span class='ocrx_word' id='word_1_96' title='bbox 969 1338 1137 1404; x_wconf 89' lang='lat' dir='ltr'>Othoniani</span> 
     </span>
     <span class='ocr_line' id='line_1_14' title="bbox 131 1427 850 1510; baseline -0.004 -19"><span class='ocrx_word' id='word_1_97' title='bbox 131 1447 254 1491; x_wconf 87' lang='lat' dir='ltr'>causam</span> <span class='ocrx_word' id='word_1_98' title='bbox 272 1443 489 1510; x_wconf 87' lang='lat' dir='ltr'>auctoremque</span> <span class='ocrx_word' id='word_1_99' title='bbox 504 1427 599 1490; x_wconf 89' lang='lat' dir='ltr'>cladis</span> <span class='ocrx_word' id='word_1_100' title='bbox 614 1427 850 1490; x_wconf 89' lang='lat' dir='ltr'>detestabantur.</span> 
     </span>
    </p>

    <p class='ocr_par' dir='ltr' id='par_1_3' title="bbox 132 1511 1137 2376">
     <span class='ocr_line' id='line_1_15' title="bbox 176 1511 1136 1598; baseline 0.001 -21"><span class='ocrx_word' id='word_1_101' title='bbox 176 1511 341 1577; x_wconf 82' lang='lat' dir='ltr'>XXXVI.</span> <span class='ocrx_word' id='word_1_102' title='bbox 364 1513 408 1576; x_wconf 88' lang='lat' dir='ltr'>Et</span> <span class='ocrx_word' id='word_1_103' title='bbox 425 1514 556 1597; x_wconf 79' lang='lat' dir='ltr'>prelium</span> <span class='ocrx_word' id='word_1_104' title='bbox 573 1514 706 1598; x_wconf 89' lang='lat' dir='ltr'>quidem,</span> <span class='ocrx_word' id='word_1_105' title='bbox 729 1513 862 1597; x_wconf 89' lang='lat' dir='ltr'>abruptis</span> <span class='ocrx_word' id='word_1_106' title='bbox 879 1535 943 1598; x_wconf 79' lang='lat' dir='ltr'>quae</span> <span class='ocrx_word' id='word_1_107' title='bbox 958 1525 1136 1598; x_wconf 86' lang='lat' dir='ltr'>supererant</span> 
     </span>
     <span class='ocr_line' id='line_1_16' title="bbox 132 1599 1135 1684; baseline 0 -21"><span class='ocrx_word' id='word_1_108' title='bbox 132 1600 270 1677; x_wconf 88' lang='lat' dir='ltr'>navibus,</span> <span class='ocrx_word' id='word_1_109' title='bbox 298 1599 370 1681; x_wconf 83' lang='lat' dir='ltr'>sugit</span> <span class='ocrx_word' id='word_1_110' title='bbox 392 1601 570 1663; x_wconf 87' lang='lat' dir='ltr'>diremtum:</span> <span class='ocrx_word' id='word_1_111' title='bbox 595 1599 704 1662; x_wconf 88' lang='lat' dir='ltr'>Macer</span> <span class='ocrx_word' id='word_1_112' title='bbox 732 1600 770 1662; x_wconf 88' lang='lat' dir='ltr'>ad</span> <span class='ocrx_word' id='word_1_113' title='bbox 793 1601 918 1664; x_wconf 88' lang='lat' dir='ltr'>exitium</span> <span class='ocrx_word' id='word_1_114' title='bbox 944 1601 1135 1684; x_wconf 89' lang='lat' dir='ltr'>poscebatur.</span> 
     </span>
     <span class='ocr_line' id='line_1_17' title="bbox 132 1684 1136 1771; baseline 0.001 -22"><span class='ocrx_word' id='word_1_115' title='bbox 132 1685 264 1771; x_wconf 86' lang='lat' dir='ltr'>Jamque</span> <span class='ocrx_word' id='word_1_116' title='bbox 280 1687 468 1768; x_wconf 74' lang='lat' dir='ltr'>vulneratum</span> <span class='ocrx_word' id='word_1_117' title='bbox 491 1687 608 1748; x_wconf 91' lang='lat' dir='ltr'>eminus</span> <span class='ocrx_word' id='word_1_118' title='bbox 631 1684 738 1748; x_wconf 87' lang='lat' dir='ltr'>lancea</span> <span class='ocrx_word' id='word_1_119' title='bbox 759 1687 867 1749; x_wconf 87' lang='lat' dir='ltr'>strictis</span> <span class='ocrx_word' id='word_1_120' title='bbox 891 1686 1025 1765; x_wconf 88' lang='lat' dir='ltr'>gladiis</span> <span class='ocrx_word' id='word_1_121' title='bbox 1018 1708 1136 1750; x_wconf 85' lang='lat' dir='ltr'>tnvase·</span> 
     </span>
     <span class='ocr_line' id='line_1_18' title="bbox 133 1771 1136 1858; baseline -0.001 -21"><span class='ocrx_word' id='word_1_122' title='bbox 133 1787 209 1850; x_wconf 87' lang='lat' dir='ltr'>rant,</span> <span class='ocrx_word' id='word_1_123' title='bbox 225 1796 294 1836; x_wconf 91' lang='lat' dir='ltr'>cum</span> <span class='ocrx_word' id='word_1_124' title='bbox 311 1773 476 1836; x_wconf 85' lang='lat' dir='ltr'>intercursu</span> <span class='ocrx_word' id='word_1_125' title='bbox 499 1773 704 1835; x_wconf 88' lang='lat' dir='ltr'>Tribunorum</span> <span class='ocrx_word' id='word_1_126' title='bbox 728 1771 1011 1858; x_wconf 89' lang='lat' dir='ltr'>Centurionumque</span> <span class='ocrx_word' id='word_1_127' title='bbox 1036 1787 1136 1856; x_wconf 86' lang='lat' dir='ltr'>prote·</span> 
     </span>
     <span class='ocr_line' id='line_1_19' title="bbox 132 1857 1135 1944; baseline 0 -22"><span class='ocrx_word' id='word_1_128' title='bbox 132 1861 221 1943; x_wconf 92' lang='lat' dir='ltr'>gitur.</span> <span class='ocrx_word' id='word_1_129' title='bbox 267 1859 335 1924; x_wconf 90' lang='lat' dir='ltr'>Nec</span> <span class='ocrx_word' id='word_1_130' title='bbox 351 1859 447 1922; x_wconf 85' lang='lat' dir='ltr'>nrultb</span> <span class='ocrx_word' id='word_1_131' title='bbox 463 1859 531 1943; x_wconf 84' lang='lat' dir='ltr'>pbst</span> <span class='ocrx_word' id='word_1_132' title='bbox 544 1857 711 1922; x_wconf 86' lang='lat' dir='ltr'>Vestricius</span> <span class='ocrx_word' id='word_1_133' title='bbox 727 1858 909 1943; x_wconf 90' lang='lat' dir='ltr'>Spurinna,</span> <span class='ocrx_word' id='word_1_134' title='bbox 896 1882 980 1944; x_wconf 81' lang='lat' dir='ltr'>Jussu</span> <span class='ocrx_word' id='word_1_135' title='bbox 992 1857 1135 1937; x_wconf 91' lang='lat' dir='ltr'>Othonis,</span> 
     </span>
     <span class='ocr_line' id='line_1_20' title="bbox 132 1946 1135 2030; baseline 0 -20"><span class='ocrx_word' id='word_1_136' title='bbox 132 1947 238 2010; x_wconf 88' lang='lat' dir='ltr'>relicto</span> <span class='ocrx_word' id='word_1_137' title='bbox 254 1946 417 2010; x_wconf 76' lang='lat' dir='ltr'>Placentia</span> <span class='ocrx_word' id='word_1_138' title='bbox 428 1947 547 2010; x_wconf 91' lang='lat' dir='ltr'>modico</span> <span class='ocrx_word' id='word_1_139' title='bbox 560 1947 784 2030; x_wconf 80' lang='lat' dir='ltr'>presidio,cum</span> <span class='ocrx_word' id='word_1_140' title='bbox 800 1946 1135 2012; x_wconf 86' lang='lat' dir='ltr'>cohortibussubvenit.</span> 
     </span>
     <span class='ocr_line' id='line_1_21' title="bbox 135 2032 1137 2115; baseline 0.002 -19"><span class='ocrx_word' id='word_1_141' title='bbox 135 2033 217 2097; x_wconf 93' lang='lat' dir='ltr'>Dein</span> <span class='ocrx_word' id='word_1_142' title='bbox 234 2032 375 2097; x_wconf 85' lang='lat' dir='ltr'>Flavium</span> <span class='ocrx_word' id='word_1_143' title='bbox 392 2033 549 2110; x_wconf 87' lang='lat' dir='ltr'>Sabinum,</span> <span class='ocrx_word' id='word_1_144' title='bbox 565 2032 732 2096; x_wconf 90' lang='lat' dir='ltr'>Consulem</span> <span class='ocrx_word' id='word_1_145' title='bbox 754 2034 954 2115; x_wconf 87' lang='lat' dir='ltr'>designatum,</span> <span class='ocrx_word' id='word_1_146' title='bbox 970 2033 1056 2098; x_wconf 91' lang='lat' dir='ltr'>Otho</span> <span class='ocrx_word' id='word_1_147' title='bbox 1071 2055 1137 2098; x_wconf 90' lang='lat' dir='ltr'>rec·</span> 
     </span>
     <span class='ocr_line' id='line_1_22' title="bbox 132 2118 1135 2205; baseline 0 -21"><span class='ocrx_word' id='word_1_148' title='bbox 132 2135 229 2184; x_wconf 87' lang='lat' dir='ltr'>torem</span> <span class='ocrx_word' id='word_1_149' title='bbox 241 2121 335 2204; x_wconf 91' lang='lat' dir='ltr'>copiis</span> <span class='ocrx_word' id='word_1_150' title='bbox 351 2121 441 2197; x_wconf 90' lang='lat' dir='ltr'>misit,</span> <span class='ocrx_word' id='word_1_151' title='bbox 458 2121 564 2205; x_wconf 90' lang='lat' dir='ltr'>quibus</span> <span class='ocrx_word' id='word_1_152' title='bbox 581 2118 687 2182; x_wconf 87' lang='lat' dir='ltr'>Macer</span> <span class='ocrx_word' id='word_1_153' title='bbox 703 2119 879 2204; x_wconf 84' lang='lat' dir='ltr'>praesuerat3</span> <span class='ocrx_word' id='word_1_154' title='bbox 903 2121 971 2184; x_wconf 78' lang='lat' dir='ltr'>laeto</span> <span class='ocrx_word' id='word_1_155' title='bbox 987 2122 1081 2183; x_wconf 92' lang='lat' dir='ltr'>milite</span> <span class='ocrx_word' id='word_1_156' title='bbox 1096 2121 1135 2184; x_wconf 86' lang='lat' dir='ltr'>ad</span> 
     </span>
     <span class='ocr_line' id='line_1_23' title="bbox 132 2206 1134 2284; baseline 0.001 -14"><span class='ocrx_word' id='word_1_157' title='bbox 132 2207 331 2270; x_wconf 88' lang='lat' dir='ltr'>mutationem</span> <span class='ocrx_word' id='word_1_158' title='bbox 347 2206 482 2284; x_wconf 90' lang='lat' dir='ltr'>Ducum,</span> <span class='ocrx_word' id='word_1_159' title='bbox 498 2221 529 2270; x_wconf 92' lang='lat' dir='ltr'>et</span> <span class='ocrx_word' id='word_1_160' title='bbox 544 2206 683 2270; x_wconf 89' lang='lat' dir='ltr'>Ducibus</span> <span class='ocrx_word' id='word_1_161' title='bbox 698 2208 737 2270; x_wconf 93' lang='lat' dir='ltr'>ob</span> <span class='ocrx_word' id='word_1_162' title='bbox 752 2207 873 2270; x_wconf 89' lang='lat' dir='ltr'>crebras</span> <span class='ocrx_word' id='word_1_163' title='bbox 895 2208 1057 2272; x_wconf 88' lang='lat' dir='ltr'>seditiones</span> <span class='ocrx_word' id='word_1_164' title='bbox 1073 2223 1134 2272; x_wconf 88' lang='lat' dir='ltr'>tam</span> 
     </span>
     <span class='ocr_line' id='line_1_24' title="bbox 133 2291 673 2376; baseline -0.002 -19"><span class='ocrx_word' id='word_1_165' title='bbox 133 2291 271 2357; x_wconf 83' lang='lat' dir='ltr'>infestam</span> <span class='ocrx_word' id='word_1_166' title='bbox 285 2294 418 2357; x_wconf 85' lang='lat' dir='ltr'>militiam</span> <span class='ocrx_word' id='word_1_167' title='bbox 434 2293 673 2376; x_wconf 88' lang='lat' dir='ltr'>aspernantibus.</span> 
     </span>
    </p>

    <p class='ocr_par' dir='ltr' id='par_1_4' title="bbox 128 2378 1136 3680">
     <span class='ocr_line' id='line_1_25' title="bbox 177 2378 1135 2464; baseline 0.001 -21"><span class='ocrx_word' id='word_1_168' title='bbox 177 2378 358 2444; x_wconf 89' lang='lat' dir='ltr'>XXXVII.</span> <span class='ocrx_word' id='word_1_169' title='bbox 383 2379 510 2442; x_wconf 89' lang='lat' dir='ltr'>lovenio</span> <span class='ocrx_word' id='word_1_170' title='bbox 539 2380 619 2462; x_wconf 88' lang='lat' dir='ltr'>apud</span> <span class='ocrx_word' id='word_1_171' title='bbox 650 2380 795 2463; x_wconf 91' lang='lat' dir='ltr'>quosdam</span> <span class='ocrx_word' id='word_1_172' title='bbox 822 2386 1011 2457; x_wconf 88' lang='lat' dir='ltr'>auctores,‘</span> <span class='ocrx_word' id='word_1_173' title='bbox 1023 2401 1135 2464; x_wconf 89' lang='lat' dir='ltr'>pavore</span> 
     </span>
     <span class='ocr_line' id='line_1_26' title="bbox 131 2465 1135 2552; baseline 0.002 -22"><span class='ocrx_word' id='word_1_174' title='bbox 131 2465 214 2544; x_wconf 89' lang='lat' dir='ltr'>belli,</span> <span class='ocrx_word' id='word_1_175' title='bbox 230 2489 283 2530; x_wconf 91' lang='lat' dir='ltr'>seu</span> <span class='ocrx_word' id='word_1_176' title='bbox 309 2465 426 2530; x_wconf 82' lang='lat' dir='ltr'>fastidio</span> <span class='ocrx_word' id='word_1_177' title='bbox 451 2466 605 2551; x_wconf 89' lang='lat' dir='ltr'>utriusque</span> <span class='ocrx_word' id='word_1_178' title='bbox 629 2465 790 2550; x_wconf 91' lang='lat' dir='ltr'>Principis,</span> <span class='ocrx_word' id='word_1_179' title='bbox 809 2488 935 2552; x_wconf 90' lang='lat' dir='ltr'>quorum</span> <span class='ocrx_word' id='word_1_180' title='bbox 960 2466 1073 2552; x_wconf 86' lang='lat' dir='ltr'>flagitia</span> <span class='ocrx_word' id='word_1_181' title='bbox 1098 2489 1135 2532; x_wconf 89' lang='lat' dir='ltr'>ao</span> 
     </span>
     <span class='ocr_line' id='line_1_27' title="bbox 132 2551 1136 2654; baseline 0.002 -38"><span class='ocrx_word' id='word_1_182' title='bbox 132 2553 266 2618; x_wconf 88' lang='lat' dir='ltr'>dedecus</span> <span class='ocrx_word' id='word_1_183' title='bbox 289 2554 438 2637; x_wconf 87' lang='lat' dir='ltr'>apertiore</span> <span class='ocrx_word' id='word_1_184' title='bbox 460 2554 489 2618; x_wconf 93' lang='lat' dir='ltr'>in</span> <span class='ocrx_word' id='word_1_185' title='bbox 513 2552 577 2616; x_wconf 89' lang='lat' dir='ltr'>dies</span> <span class='ocrx_word' id='word_1_186' title='bbox 592 2551 674 2616; x_wconf 81' lang='lat' dir='ltr'>samir</span> <span class='ocrx_word' id='word_1_187' title='bbox 688 2554 897 2654; x_wconf 81' lang='lat' dir='ltr'>noscebantur,</span> <span class='ocrx_word' id='word_1_188' title='bbox 913 2553 1065 2618; x_wconf 90' lang='lat' dir='ltr'>dubitasse</span> <span class='ocrx_word' id='word_1_189' title='bbox 1080 2575 1136 2618; x_wconf 86' lang='lat' dir='ltr'>ex·</span> 
     </span>
     <span class='ocr_line' id='line_1_28' title="bbox 131 2640 1135 2724; baseline 0 -20"><span class='ocrx_word' id='word_1_190' title='bbox 131 2641 252 2717; x_wconf 86' lang='lat' dir='ltr'>ercitus,</span> <span class='ocrx_word' id='word_1_191' title='bbox 268 2663 351 2716; x_wconf 92' lang='lat' dir='ltr'>num,</span> <span class='ocrx_word' id='word_1_192' title='bbox 365 2641 463 2724; x_wconf 89' lang='lat' dir='ltr'>posito</span> <span class='ocrx_word' id='word_1_193' title='bbox 478 2640 654 2714; x_wconf 90' lang='lat' dir='ltr'>certamine,</span> <span class='ocrx_word' id='word_1_194' title='bbox 670 2640 749 2703; x_wconf 90' lang='lat' dir='ltr'>vel</span> <span class='ocrx_word' id='word_1_195' title='bbox 742 2641 797 2724; x_wconf 89' lang='lat' dir='ltr'>rpsi</span> <span class='ocrx_word' id='word_1_196' title='bbox 814 2641 843 2703; x_wconf 94' lang='lat' dir='ltr'>in</span> <span class='ocrx_word' id='word_1_197' title='bbox 861 2641 993 2704; x_wconf 90' lang='lat' dir='ltr'>medium</span> <span class='ocrx_word' id='word_1_198' title='bbox 1014 2640 1135 2721; x_wconf 88' lang='lat' dir='ltr'>consul-</span> 
     </span>
     <span class='ocr_line' id='line_1_29' title="bbox 132 2715 1134 2834; baseline 0.001 -44"><span class='ocrx_word' id='word_1_199' title='bbox 132 2741 240 2803; x_wconf 88' lang='lat' dir='ltr'>tarent,</span> <span class='ocrx_word' id='word_1_200' title='bbox 251 2727 297 2789; x_wconf 93' lang='lat' dir='ltr'>vel</span> <span class='ocrx_word' id='word_1_201' title='bbox 311 2726 435 2790; x_wconf 89' lang='lat' dir='ltr'>Senatui</span> <span class='ocrx_word' id='word_1_202' title='bbox 449 2727 654 2811; x_wconf 88' lang='lat' dir='ltr'>permitterent</span> <span class='ocrx_word' id='word_1_203' title='bbox 663 2727 765 2809; x_wconf 86' lang='lat' dir='ltr'>legere</span> <span class='ocrx_word' id='word_1_204' title='bbox 778 2725 1007 2812; x_wconf 87' lang='lat' dir='ltr'>Imperatorem.</span> <span class='ocrx_word' id='word_1_205' title='bbox 1032 2715 1134 2834; x_wconf 89' lang='lat' dir='ltr'>Atque</span> 
     </span>
     <span class='ocr_line' id='line_1_30' title="bbox 131 2812 1135 2913; baseline -0.001 -36"><span class='ocrx_word' id='word_1_206' title='bbox 131 2812 170 2877; x_wconf 84' lang='lat' dir='ltr'>eb</span> <span class='ocrx_word' id='word_1_207' title='bbox 185 2813 291 2877; x_wconf 84' lang='lat' dir='ltr'>Duces</span> <span class='ocrx_word' id='word_1_208' title='bbox 307 2812 496 2878; x_wconf 88' lang='lat' dir='ltr'>Othonianos</span> <span class='ocrx_word' id='word_1_209' title='bbox 511 2815 641 2913; x_wconf 80' lang='lat' dir='ltr'>spatium</span> <span class='ocrx_word' id='word_1_210' title='bbox 658 2835 693 2877; x_wconf 89' lang='lat' dir='ltr'>ao</span> <span class='ocrx_word' id='word_1_211' title='bbox 710 2835 807 2876; x_wconf 90' lang='lat' dir='ltr'>moras</span> <span class='ocrx_word' id='word_1_212' title='bbox 823 2814 962 2892; x_wconf 87' lang='lat' dir='ltr'>suasisse,</span> <span class='ocrx_word' id='word_1_213' title='bbox 979 2812 1135 2898; x_wconf 77' lang='lat' dir='ltr'>praecipua</span> 
     </span>
     <span class='ocr_line' id='line_1_31' title="bbox 131 2899 1136 2985; baseline 0.002 -23"><span class='ocrx_word' id='word_1_214' title='bbox 131 2921 187 2982; x_wconf 90' lang='lat' dir='ltr'>spe</span> <span class='ocrx_word' id='word_1_215' title='bbox 213 2900 354 2976; x_wconf 83' lang='lat' dir='ltr'>Paulini3</span> <span class='ocrx_word' id='word_1_216' title='bbox 377 2899 458 2985; x_wconf 80' lang='lat' dir='ltr'>qubd</span> <span class='ocrx_word' id='word_1_217' title='bbox 482 2901 698 2965; x_wconf 85' lang='lat' dir='ltr'>vetustissimus</span> <span class='ocrx_word' id='word_1_218' title='bbox 724 2899 949 2978; x_wconf 87' lang='lat' dir='ltr'>Consularium,</span> <span class='ocrx_word' id='word_1_219' title='bbox 972 2915 1004 2964; x_wconf 89' lang='lat' dir='ltr'>et</span> <span class='ocrx_word' id='word_1_220' title='bbox 1029 2899 1136 2964; x_wconf 86' lang='lat' dir='ltr'>militia</span> 
     </span>
     <span class='ocr_line' id='line_1_32' title="bbox 131 2987 1134 3087; baseline 0 -37"><span class='ocrx_word' id='word_1_221' title='bbox 131 2987 241 3063; x_wconf 90' lang='lat' dir='ltr'>clarus,</span> <span class='ocrx_word' id='word_1_222' title='bbox 253 2987 378 3068; x_wconf 88' lang='lat' dir='ltr'>gloriam</span> <span class='ocrx_word' id='word_1_223' title='bbox 395 3009 580 3087; x_wconf 77' lang='lat' dir='ltr'>nomenque⁸</span> <span class='ocrx_word' id='word_1_224' title='bbox 582 2987 764 3050; x_wconf 87' lang='lat' dir='ltr'>Britannicis</span> <span class='ocrx_word' id='word_1_225' title='bbox 775 2987 1018 3086; x_wconf 82' lang='lat' dir='ltr'>expeditionibus</span> <span class='ocrx_word' id='word_1_226' title='bbox 1034 3009 1134 3050; x_wconf 87' lang='lat' dir='ltr'>meru·</span> 
     </span>
     <span class='ocr_line' id='line_1_33' title="bbox 130 3073 1134 3173; baseline -0.002 -35"><span class='ocrx_word' id='word_1_227' title='bbox 130 3073 226 3138; x_wconf 64' lang='lat' dir='ltr'>isset!</span> <span class='ocrx_word' id='word_1_228' title='bbox 272 3073 352 3156; x_wconf 85' lang='lat' dir='ltr'>Ego,</span> <span class='ocrx_word' id='word_1_229' title='bbox 365 3089 397 3138; x_wconf 92' lang='lat' dir='ltr'>ut</span> <span class='ocrx_word' id='word_1_230' title='bbox 413 3074 625 3150; x_wconf 86' lang='lat' dir='ltr'>concesserim,</span> <span class='ocrx_word' id='word_1_231' title='bbox 642 3074 721 3173; x_wconf 87' lang='lat' dir='ltr'>apud</span> <span class='ocrx_word' id='word_1_232' title='bbox 740 3095 851 3154; x_wconf 88' lang='lat' dir='ltr'>paucus</span> <span class='ocrx_word' id='word_1_233' title='bbox 866 3075 956 3138; x_wconf 88' lang='lat' dir='ltr'>tacito</span> <span class='ocrx_word' id='word_1_234' title='bbox 972 3074 1134 3158; x_wconf 86' lang='lat' dir='ltr'>votoquie-</span> 
     </span>
     <span class='ocr_line' id='line_1_34' title="bbox 132 3159 1134 3245; baseline 0 -21"><span class='ocrx_word' id='word_1_235' title='bbox 132 3175 194 3224; x_wconf 86' lang='lat' dir='ltr'>tem</span> <span class='ocrx_word' id='word_1_236' title='bbox 219 3182 273 3244; x_wconf 90' lang='lat' dir='ltr'>pro</span> <span class='ocrx_word' id='word_1_237' title='bbox 288 3161 447 3237; x_wconf 88' lang='lat' dir='ltr'>discordia,</span> <span class='ocrx_word' id='word_1_238' title='bbox 471 3162 582 3224; x_wconf 92' lang='lat' dir='ltr'>bonum</span> <span class='ocrx_word' id='word_1_239' title='bbox 607 3175 638 3223; x_wconf 92' lang='lat' dir='ltr'>et</span> <span class='ocrx_word' id='word_1_240' title='bbox 664 3161 855 3224; x_wconf 90' lang='lat' dir='ltr'>innocentem</span> <span class='ocrx_word' id='word_1_241' title='bbox 883 3159 1055 3244; x_wconf 89' lang='lat' dir='ltr'>Principem</span> <span class='ocrx_word' id='word_1_242' title='bbox 1081 3182 1134 3245; x_wconf 89' lang='lat' dir='ltr'>pro</span> 
     </span>
     <span class='ocr_line' id='line_1_35' title="bbox 131 3247 1133 3332; baseline 0 -22"><span class='ocrx_word' id='word_1_243' title='bbox 131 3247 269 3332; x_wconf 87' lang='lat' dir='ltr'>pessimis</span> <span class='ocrx_word' id='word_1_244' title='bbox 285 3269 320 3310; x_wconf 92' lang='lat' dir='ltr'>ac</span> <span class='ocrx_word' id='word_1_245' title='bbox 333 3247 567 3330; x_wconf 86' lang='lat' dir='ltr'>flagitiosissimis</span> <span class='ocrx_word' id='word_1_246' title='bbox 580 3248 769 3330; x_wconf 89' lang='lat' dir='ltr'>expetitum·</span> <span class='ocrx_word' id='word_1_247' title='bbox 762 3296 769 3324; x_wconf 93' lang='lat'>,</span> <span class='ocrx_word' id='word_1_248' title='bbox 792 3248 834 3310; x_wconf 89' lang='lat' dir='ltr'>ita</span> <span class='ocrx_word' id='word_1_249' title='bbox 849 3269 946 3331; x_wconf 89' lang='lat' dir='ltr'>neque</span> <span class='ocrx_word' id='word_1_250' title='bbox 960 3247 1133 3324; x_wconf 86' lang='lat' dir='ltr'>Paulinum,</span> 
     </span>
     <span class='ocr_line' id='line_1_36' title="bbox 134 3333 1133 3418; baseline -0.001 -21"><span class='ocrx_word' id='word_1_251' title='bbox 134 3355 195 3418; x_wconf 89' lang='lat' dir='ltr'>qua</span> <span class='ocrx_word' id='word_1_252' title='bbox 217 3333 378 3418; x_wconf 91' lang='lat' dir='ltr'>prudentia</span> <span class='ocrx_word' id='word_1_253' title='bbox 399 3333 462 3410; x_wconf 88' lang='lat' dir='ltr'>suit,</span> <span class='ocrx_word' id='word_1_254' title='bbox 484 3333 633 3416; x_wconf 86' lang='lat' dir='ltr'>sperasse,</span> <span class='ocrx_word' id='word_1_255' title='bbox 656 3335 879 3417; x_wconf 88' lang='lat' dir='ltr'>corruptissimo</span> <span class='ocrx_word' id='word_1_256' title='bbox 894 3334 1004 3398; x_wconf 87' lang='lat' dir='ltr'>saeculo</span> <span class='ocrx_word' id='word_1_257' title='bbox 1019 3348 1133 3396; x_wconf 87' lang='lat' dir='ltr'>tantam</span> 
     </span>
     <span class='ocr_line' id='line_1_37' title="bbox 133 3419 1135 3520; baseline -0.001 -38"><span class='ocrx_word' id='word_1_258' title='bbox 133 3421 213 3503; x_wconf 89' lang='lat' dir='ltr'>vulgi</span> <span class='ocrx_word' id='word_1_259' title='bbox 231 3421 479 3520; x_wconf 87' lang='lat' dir='ltr'>moderationem,</span> <span class='ocrx_word' id='word_1_260' title='bbox 490 3442 567 3497; x_wconf 91' lang='lat' dir='ltr'>reor,</span> <span class='ocrx_word' id='word_1_261' title='bbox 584 3435 627 3497; x_wconf 90' lang='lat' dir='ltr'>ut,</span> <span class='ocrx_word' id='word_1_262' title='bbox 640 3423 689 3504; x_wconf 94' lang='lat' dir='ltr'>qui</span> <span class='ocrx_word' id='word_1_263' title='bbox 707 3443 812 3504; x_wconf 88' lang='lat' dir='ltr'>pacem</span> <span class='ocrx_word' id='word_1_264' title='bbox 829 3421 900 3484; x_wconf 87' lang='lat' dir='ltr'>belli</span> <span class='ocrx_word' id='word_1_265' title='bbox 917 3442 1017 3484; x_wconf 87' lang='lat' dir='ltr'>amore</span> <span class='ocrx_word' id='word_1_266' title='bbox 1034 3419 1135 3482; x_wconf 88' lang='lat' dir='ltr'>turba-</span> 
     </span>
     <span class='ocr_line' id='line_1_38' title="bbox 132 3505 1133 3607; baseline 0.001 -39"><span class='ocrx_word' id='word_1_267' title='bbox 132 3521 250 3584; x_wconf 86' lang='lat' dir='ltr'>verant,</span> <span class='ocrx_word' id='word_1_268' title='bbox 264 3508 376 3570; x_wconf 92' lang='lat' dir='ltr'>bellum</span> <span class='ocrx_word' id='word_1_269' title='bbox 393 3508 475 3592; x_wconf 87' lang='lat' dir='ltr'>pacis</span> <span class='ocrx_word' id='word_1_270' title='bbox 495 3509 619 3570; x_wconf 89' lang='lat' dir='ltr'>caritate</span> <span class='ocrx_word' id='word_1_271' title='bbox 635 3509 839 3607; x_wconf 88' lang='lat' dir='ltr'>deponerent:</span> <span class='ocrx_word' id='word_1_272' title='bbox 864 3505 963 3592; x_wconf 90' lang='lat' dir='ltr'>neque</span> <span class='ocrx_word' id='word_1_273' title='bbox 979 3521 1029 3570; x_wconf 89' lang='lat' dir='ltr'>aut</span> <span class='ocrx_word' id='word_1_274' title='bbox 1044 3527 1133 3569; x_wconf 85' lang='lat' dir='ltr'>exer·</span> 
     </span>
     <span class='ocr_line' id='line_1_39' title="bbox 128 3593 1132 3698; baseline -0.001 -41"><span class='ocrx_word' id='word_1_275' title='bbox 128 3594 205 3657; x_wconf 89' lang='lat' dir='ltr'>citus</span> <span class='ocrx_word' id='word_1_276' title='bbox 214 3595 322 3676; x_wconf 82' lang='lat' dir='ltr'>linguis</span> <span class='ocrx_word' id='word_1_277' title='bbox 332 3596 523 3680; x_wconf 89' lang='lat' dir='ltr'>moribusque</span> <span class='ocrx_word' id='word_1_278' title='bbox 534 3593 685 3658; x_wconf 83' lang='lat' dir='ltr'>dissonos·</span> <span class='ocrx_word' id='word_1_279' title='bbox 679 3617 707 3657; x_wconf 93' lang='lat' dir='ltr'>m</span> <span class='ocrx_word' id='word_1_280' title='bbox 720 3595 799 3657; x_wconf 91' lang='lat' dir='ltr'>hunc</span> <span class='ocrx_word' id='word_1_281' title='bbox 809 3615 988 3656; x_wconf 88' lang='lat' dir='ltr'>consensum</span> <span class='ocrx_word' id='word_1_282' title='bbox 1000 3594 1132 3698; x_wconf 87' lang='lat' dir='ltr'>potuisse</span> 
     </span>
    </p>
   </div>
   <div class='ocr_carea' id='block_1_3' title="bbox 131 3675 1133 3830">
    <p class='ocr_par' dir='ltr' id='par_1_5' title="bbox 131 3675 1133 3830">
     <span class='ocr_line' id='line_1_40' title="bbox 131 3675 1133 3830; baseline -0.002 -86"><span class='ocrx_word' id='word_1_283' title='bbox 131 3681 316 3760; x_wconf 86' lang='lat' dir='ltr'>coalescere,</span> <span class='ocrx_word' id='word_1_284' title='bbox 332 3695 383 3746; x_wconf 85' lang='lat' dir='ltr'>aut</span> <span class='ocrx_word' id='word_1_285' title='bbox 406 3681 539 3764; x_wconf 87' lang='lat' dir='ltr'>Legatos</span> <span class='ocrx_word' id='word_1_286' title='bbox 562 3703 598 3745; x_wconf 82' lang='lat' dir='ltr'>aa</span> <span class='ocrx_word' id='word_1_287' title='bbox 613 3679 730 3830; x_wconf 74' lang='lat' dir='ltr'>D6uces,</span> <span class='ocrx_word' id='word_1_288' title='bbox 746 3675 856 3764; x_wconf 79' lang='lat' dir='ltr'>magnit</span> <span class='ocrx_word' id='word_1_289' title='bbox 871 3701 911 3744; x_wconf 85' lang='lat' dir='ltr'>ex</span> <span class='ocrx_word' id='word_1_290' title='bbox 928 3695 1011 3764; x_wconf 87' lang='lat' dir='ltr'>parte</span> <span class='ocrx_word' id='word_1_291' title='bbox 1032 3677 1133 3759; x_wconf 71' lang='lat' dir='ltr'>luatis,</span> 
     </span>
    </p>
   </div>
   <div class='ocr_carea' id='block_1_4' title="bbox 0 0 1262 4250">
    <p class='ocr_par' dir='ltr' id='par_1_6' title="bbox 0 0 1262 4250">
     <span class='ocr_line' id='line_1_41' title="bbox 0 0 1262 4250; baseline 0 0"><span class='ocrx_word' id='word_1_292' title='bbox 0 0 1262 4250; x_wconf 95' lang='lat' dir='ltr'> </span> 
     </span>
    </p>
   </div>
  </div>
 </body>
</html>
