<?xml version="1.0" encoding="UTF-8"?>
<!DOCTYPE html PUBLIC "-//W3C//DTD XHTML 1.0 Transitional//EN"
    "http://www.w3.org/TR/xhtml1/DTD/xhtml1-transitional.dtd">
<html xmlns="http://www.w3.org/1999/xhtml" xml:lang="en" lang="en">
 <head>
  <title>
</title>
<meta http-equiv="Content-Type" content="text/html;charset=utf-8" />
  <meta name='ocr-system' content='tesseract 3.04.00' />
  <meta name='ocr-capabilities' content='ocr_page ocr_carea ocr_par ocr_line ocrx_word'/>
</head>
<body>
  <div class='ocr_page' id='page_1' title='image "./ccorneliitaciti24tacigoog_0500.png"; bbox 0 0 2556 4446; ppageno 0'>
   <div class='ocr_carea' id='block_1_1' title="bbox 105 479 770 549">
    <p class='ocr_par' dir='ltr' id='par_1_1' title="bbox 105 479 770 549">
     <span class='ocr_line' id='line_1_1' title="bbox 105 479 770 549; baseline -0.003 -1"><span class='ocrx_word' id='word_1_1' title='bbox 105 485 170 549; x_wconf 73' lang='lat'>254</span> <span class='ocrx_word' id='word_1_2' title='bbox 447 481 489 547; x_wconf 87' lang='lat' dir='ltr'>C.</span> <span class='ocrx_word' id='word_1_3' title='bbox 512 481 623 548; x_wconf 77' lang='lat' dir='ltr'>Corin.</span> <span class='ocrx_word' id='word_1_4' title='bbox 645 479 770 548; x_wconf 78' lang='lat' dir='ltr'>thrrr</span> 
     </span>
    </p>
   </div>
   <div class='ocr_carea' id='block_1_2' title="bbox 73 640 1125 4110">
    <p class='ocr_par' dir='ltr' id='par_1_2' title="bbox 104 640 1104 993">
     <span class='ocr_line' id='line_1_2' title="bbox 106 640 1104 736; baseline -0.004 -23"><span class='ocrx_word' id='word_1_5' title='bbox 106 650 194 736; x_wconf 87' lang='lat' dir='ltr'>pulus</span> <span class='ocrx_word' id='word_1_6' title='bbox 210 647 351 724; x_wconf 84' lang='lat' dir='ltr'>audit,</span> <span class='ocrx_word' id='word_1_7' title='bbox 325 669 376 711; x_wconf 86' lang='lat' dir='ltr'>vrx</span> <span class='ocrx_word' id='word_1_8' title='bbox 392 647 522 732; x_wconf 90' lang='lat' dir='ltr'>deniqne</span> <span class='ocrx_word' id='word_1_9' title='bbox 544 640 674 728; x_wconf 79' lang='lat' dir='ltr'>litigator</span> <span class='ocrx_word' id='word_1_10' title='bbox 694 645 882 734; x_wconf 84' lang='lat' dir='ltr'>perpetitur·</span> <span class='ocrx_word' id='word_1_11' title='bbox 905 645 982 710; x_wconf 85' lang='lat' dir='ltr'>aded</span> <span class='ocrx_word' id='word_1_12' title='bbox 1005 645 1104 710; x_wconf 88' lang='lat' dir='ltr'>moesti</span> 
     </span>
     <span class='ocr_line' id='line_1_3' title="bbox 105 735 1104 820; baseline -0.004 -20"><span class='ocrx_word' id='word_1_13' title='bbox 105 753 135 800; x_wconf 87' lang='lat' dir='ltr'>et</span> <span class='ocrx_word' id='word_1_14' title='bbox 152 736 254 800; x_wconf 86' lang='lat' dir='ltr'>inculti</span> <span class='ocrx_word' id='word_1_15' title='bbox 272 735 375 798; x_wconf 92' lang='lat' dir='ltr'>illam</span> <span class='ocrx_word' id='word_1_16' title='bbox 369 755 475 818; x_wconf 84' lang='lat' dir='ltr'>ipsam,</span> <span class='ocrx_word' id='word_1_17' title='bbox 486 756 575 819; x_wconf 88' lang='lat' dir='ltr'>quam</span> <span class='ocrx_word' id='word_1_18' title='bbox 587 749 716 820; x_wconf 72' lang='lat' dir='ltr'>jactant,</span> <span class='ocrx_word' id='word_1_19' title='bbox 726 735 885 798; x_wconf 83' lang='lat' dir='ltr'>sanitatem</span> <span class='ocrx_word' id='word_1_20' title='bbox 896 756 953 796; x_wconf 88' lang='lat' dir='ltr'>non</span> <span class='ocrx_word' id='word_1_21' title='bbox 964 735 1104 797; x_wconf 75' lang='lat' dir='ltr'>firmitate</span> 
     </span>
     <span class='ocr_line' id='line_1_4' title="bbox 104 821 1102 926; baseline -0.005 -39"><span class='ocrx_word' id='word_1_22' title='bbox 104 823 188 887; x_wconf 87' lang='lat' dir='ltr'>sed&#39;</span> <span class='ocrx_word' id='word_1_23' title='bbox 176 822 292 909; x_wconf 71' lang='lat' dir='ltr'>jejunio</span> <span class='ocrx_word' id='word_1_24' title='bbox 317 837 553 906; x_wconf 87' lang='lat' dir='ltr'>consequuntur</span> <span class='ocrx_word' id='word_1_25' title='bbox 599 821 695 884; x_wconf 89' lang='lat' dir='ltr'>Porro</span> <span class='ocrx_word' id='word_1_26' title='bbox 716 843 755 884; x_wconf 90' lang='lat' dir='ltr'>ne</span> <span class='ocrx_word' id='word_1_27' title='bbox 779 821 807 926; x_wconf 79' lang='lat' dir='ltr'>ip</span> <span class='ocrx_word' id='word_1_28' title='bbox 830 841 957 922; x_wconf 87' lang='lat' dir='ltr'>corpore</span> <span class='ocrx_word' id='word_1_29' title='bbox 980 821 1102 904; x_wconf 89' lang='lat' dir='ltr'>quidem</span> 
     </span>
     <span class='ocr_line' id='line_1_5' title="bbox 105 905 1104 1007; baseline -0.005 -34"><span class='ocrx_word' id='word_1_30' title='bbox 105 910 309 1007; x_wconf 79' lang='lat' dir='ltr'>valetudinem</span> <span class='ocrx_word' id='word_1_31' title='bbox 327 908 436 972; x_wconf 91' lang='lat' dir='ltr'>medici</span> <span class='ocrx_word' id='word_1_32' title='bbox 453 909 591 992; x_wconf 91' lang='lat' dir='ltr'>probant,</span> <span class='ocrx_word' id='word_1_33' title='bbox 608 929 700 993; x_wconf 79' lang='lat' dir='ltr'>quea</span> <span class='ocrx_word' id='word_1_34' title='bbox 717 905 810 970; x_wconf 88' lang='lat' dir='ltr'>nimia</span> <span class='ocrx_word' id='word_1_35' title='bbox 822 908 975 970; x_wconf 78' lang='lat' dir='ltr'><strong>anxietate</strong></span> <span class='ocrx_word' id='word_1_36' title='bbox 986 907 1104 970; x_wconf 87' lang='lat' dir='ltr'>contin·</span> 
     </span>
    </p>

    <p class='ocr_par' dir='ltr' id='par_1_3' title="bbox 105 992 1104 1082">
     <span class='ocr_line' id='line_1_6' title="bbox 105 992 1104 1082; baseline -0.002 -24"><span class='ocrx_word' id='word_1_37' title='bbox 105 1011 175 1082; x_wconf 88' lang='lat' dir='ltr'>gat:</span> <span class='ocrx_word' id='word_1_38' title='bbox 202 1017 305 1079; x_wconf 91' lang='lat' dir='ltr'>parum</span> <span class='ocrx_word' id='word_1_39' title='bbox 322 1010 377 1072; x_wconf 90' lang='lat' dir='ltr'>est,</span> <span class='ocrx_word' id='word_1_40' title='bbox 393 1017 504 1078; x_wconf 80' lang='lat' dir='ltr'>agrum</span> <span class='ocrx_word' id='word_1_41' title='bbox 520 1013 580 1058; x_wconf 89' lang='lat' dir='ltr'>non</span> <span class='ocrx_word' id='word_1_42' title='bbox 596 1015 684 1057; x_wconf 89' lang='lat' dir='ltr'>esse:</span> <span class='ocrx_word' id='word_1_43' title='bbox 709 992 815 1058; x_wconf 80' lang='lat' dir='ltr'>sortem</span> <span class='ocrx_word' id='word_1_44' title='bbox 832 1009 865 1057; x_wconf 88' lang='lat' dir='ltr'>et</span> <span class='ocrx_word' id='word_1_45' title='bbox 880 993 979 1056; x_wconf 85' lang='lat' dir='ltr'>laetum</span> <span class='ocrx_word' id='word_1_46' title='bbox 996 1007 1027 1056; x_wconf 89' lang='lat' dir='ltr'>et</span> <span class='ocrx_word' id='word_1_47' title='bbox 1042 993 1104 1056; x_wconf 86' lang='lat' dir='ltr'>ela</span> 
     </span>
    </p>

    <p class='ocr_par' dir='ltr' id='par_1_4' title="bbox 103 1078 1104 1340">
     <span class='ocr_line' id='line_1_7' title="bbox 105 1078 1104 1178; baseline -0.006 -31"><span class='ocrx_word' id='word_1_48' title='bbox 105 1103 188 1147; x_wconf 89' lang='lat' dir='ltr'>crem</span> <span class='ocrx_word' id='word_1_49' title='bbox 206 1083 294 1145; x_wconf 86' lang='lat' dir='ltr'>volo:</span> <span class='ocrx_word' id='word_1_50' title='bbox 320 1081 414 1166; x_wconf 75' lang='lat' dir='ltr'>propi:</span> <span class='ocrx_word' id='word_1_51' title='bbox 431 1081 516 1146; x_wconf 89' lang='lat' dir='ltr'>abest</span> <span class='ocrx_word' id='word_1_52' title='bbox 530 1082 569 1145; x_wconf 93' lang='lat' dir='ltr'>ab</span> <span class='ocrx_word' id='word_1_53' title='bbox 588 1081 793 1158; x_wconf 87' lang='lat' dir='ltr'>infirmitate,</span> <span class='ocrx_word' id='word_1_54' title='bbox 785 1103 814 1143; x_wconf 90' lang='grc' dir='ltr'>ιιι</span> <span class='ocrx_word' id='word_1_55' title='bbox 840 1101 899 1178; x_wconf 84' lang='lat' dir='ltr'>quo</span> <span class='ocrx_word' id='word_1_56' title='bbox 900 1078 978 1144; x_wconf 89' lang='lat' dir='ltr'>sola</span> <span class='ocrx_word' id='word_1_57' title='bbox 993 1080 1104 1144; x_wconf 76' lang='lat' dir='ltr'>sanitas</span> 
     </span>
     <span class='ocr_line' id='line_1_8' title="bbox 103 1165 1104 1250; baseline -0.005 -17"><span class='ocrx_word' id='word_1_58' title='bbox 103 1169 263 1234; x_wconf 91' lang='lat' dir='ltr'>laudatur.</span> <span class='ocrx_word' id='word_1_59' title='bbox 297 1165 362 1232; x_wconf 90' lang='lat' dir='ltr'>Vos</span> <span class='ocrx_word' id='word_1_60' title='bbox 386 1168 470 1246; x_wconf 85' lang='lat' dir='ltr'>verd,</span> <span class='ocrx_word' id='word_1_61' title='bbox 496 1167 691 1244; x_wconf 80' lang='lat' dir='ltr'>disertissimi,</span> <span class='ocrx_word' id='word_1_62' title='bbox 720 1181 760 1230; x_wconf 88' lang='lat' dir='ltr'>ut</span> <span class='ocrx_word' id='word_1_63' title='bbox 778 1167 915 1250; x_wconf 88' lang='lat' dir='ltr'>potestis,-</span> <span class='ocrx_word' id='word_1_64' title='bbox 941 1181 974 1229; x_wconf 89' lang='lat' dir='ltr'>ut</span> <span class='ocrx_word' id='word_1_65' title='bbox 998 1166 1104 1242; x_wconf 81' lang='lat' dir='ltr'>facitis,</span> 
     </span>
     <span class='ocr_line' id='line_1_9' title="bbox 103 1253 1102 1340; baseline -0.006 -20"><span class='ocrx_word' id='word_1_66' title='bbox 103 1257 248 1320; x_wconf 87' lang='lat' dir='ltr'>illustrate</span> <span class='ocrx_word' id='word_1_67' title='bbox 274 1255 417 1318; x_wconf 82' lang='lat' dir='ltr'>seculum</span> <span class='ocrx_word' id='word_1_68' title='bbox 443 1269 579 1319; x_wconf 88' lang='lat' dir='ltr'>nostrum</span> <span class='ocrx_word' id='word_1_69' title='bbox 606 1254 810 1340; x_wconf 89' lang='lat' dir='ltr'>pulcherrimo</span> <span class='ocrx_word' id='word_1_70' title='bbox 833 1275 946 1336; x_wconf 78' lang='lat' dir='ltr'><strong>genere</strong></span> <span class='ocrx_word' id='word_1_71' title='bbox 971 1253 1102 1316; x_wconf 86' lang='lat' dir='ltr'>dicendi.</span> 
     </span>
    </p>

    <p class='ocr_par' dir='ltr' id='par_1_5' title="bbox 103 1340 1125 1856">
     <span class='ocr_line' id='line_1_10' title="bbox 105 1340 1103 1440; baseline -0.004 -34"><span class='ocrx_word' id='word_1_72' title='bbox 105 1341 186 1406; x_wconf 89' lang='lat' dir='ltr'>Nam</span> <span class='ocrx_word' id='word_1_73' title='bbox 209 1357 240 1404; x_wconf 90' lang='lat' dir='ltr'>et</span> <span class='ocrx_word' id='word_1_74' title='bbox 262 1359 302 1419; x_wconf 90' lang='lat' dir='ltr'>te,</span> <span class='ocrx_word' id='word_1_75' title='bbox 319 1341 461 1416; x_wconf 79' lang='lat' dir='ltr'><strong>Messala,</strong></span> <span class='ocrx_word' id='word_1_76' title='bbox 479 1343 569 1404; x_wconf 88' lang='lat' dir='ltr'>video</span> <span class='ocrx_word' id='word_1_77' title='bbox 591 1342 741 1404; x_wconf 83' lang='lat' dir='ltr'>letissima</span> <span class='ocrx_word' id='word_1_78' title='bbox 763 1361 891 1426; x_wconf 81' lang='lat' dir='ltr'>queque</span> <span class='ocrx_word' id='word_1_79' title='bbox 913 1340 1103 1440; x_wconf 87' lang='lat' dir='ltr'>antiquorum</span> 
     </span>
     <span class='ocr_line' id='line_1_11' title="bbox 103 1427 1125 1510; baseline -0.003 -18"><span class='ocrx_word' id='word_1_80' title='bbox 103 1431 289 1492; x_wconf 80' lang='lat' dir='ltr'>imitantem:</span> <span class='ocrx_word' id='word_1_81' title='bbox 314 1443 344 1490; x_wconf 92' lang='lat' dir='ltr'>et</span> <span class='ocrx_word' id='word_1_82' title='bbox 359 1448 423 1502; x_wconf 89' lang='lat' dir='ltr'>vos,</span> <span class='ocrx_word' id='word_1_83' title='bbox 436 1427 577 1489; x_wconf 84' lang='lat' dir='ltr'>Materne</span> <span class='ocrx_word' id='word_1_84' title='bbox 592 1447 628 1489; x_wconf 88' lang='lat' dir='ltr'>ac</span> <span class='ocrx_word' id='word_1_85' title='bbox 645 1427 826 1502; x_wconf 82' lang='lat' dir='ltr'>Secunde,</span> <span class='ocrx_word' id='word_1_86' title='bbox 819 1441 859 1490; x_wconf 80' lang='lat' dir='ltr'>rte</span> <span class='ocrx_word' id='word_1_87' title='bbox 874 1429 1059 1510; x_wconf 79' lang='lat' dir='ltr'>gravitate</span> <span class='ocrx_word' id='word_1_88' title='bbox 1035 1447 1105 1489; x_wconf 87' lang='lat' dir='ltr'>sen·</span> <span class='ocrx_word' id='word_1_89' title='bbox 1123 1439 1125 1442; x_wconf 82' lang='grc'><strong>’</strong></span> 
     </span>
     <span class='ocr_line' id='line_1_12' title="bbox 103 1512 1114 1598; baseline -0.002 -20"><span class='ocrx_word' id='word_1_90' title='bbox 103 1535 190 1598; x_wconf 86' lang='lat' dir='ltr'>suum</span> <span class='ocrx_word' id='word_1_91' title='bbox 194 1513 333 1574; x_wconf 88' lang='lat' dir='ltr'>&#39;nitorem</span> <span class='ocrx_word' id='word_1_92' title='bbox 355 1525 385 1573; x_wconf 90' lang='lat' dir='ltr'>et</span> <span class='ocrx_word' id='word_1_93' title='bbox 400 1512 513 1574; x_wconf 89' lang='lat' dir='ltr'>cultum</span> <span class='ocrx_word' id='word_1_94' title='bbox 531 1513 689 1574; x_wconf 87' lang='lat' dir='ltr'>verborum</span> <span class='ocrx_word' id='word_1_95' title='bbox 713 1513 855 1590; x_wconf 87' lang='lat' dir='ltr'>miscetis,</span> <span class='ocrx_word' id='word_1_96' title='bbox 871 1534 907 1574; x_wconf 94' lang='lat' dir='ltr'>ea</span> <span class='ocrx_word' id='word_1_97' title='bbox 930 1513 1066 1576; x_wconf 90' lang='lat' dir='ltr'>electio</span> <span class='ocrx_word' id='word_1_98' title='bbox 1059 1535 1105 1576; x_wconf 90' lang='lat' dir='ltr'>ru·</span> <span class='ocrx_word' id='word_1_99' title='bbox 1110 1537 1114 1548; x_wconf 56' lang='lat'>²</span> 
     </span>
     <span class='ocr_line' id='line_1_13' title="bbox 104 1598 1105 1699; baseline -0.003 -34"><span class='ocrx_word' id='word_1_100' title='bbox 104 1599 263 1699; x_wconf 83' lang='lat' dir='ltr'>rectionis,</span> <span class='ocrx_word' id='word_1_101' title='bbox 279 1599 303 1660; x_wconf 90' lang='lat' dir='ltr'>is</span> <span class='ocrx_word' id='word_1_102' title='bbox 318 1598 393 1662; x_wconf 88' lang='lat' dir='ltr'>ordo</span> <span class='ocrx_word' id='word_1_103' title='bbox 415 1619 515 1661; x_wconf 88' lang='lat' dir='ltr'>rerum</span> <span class='ocrx_word' id='word_1_104' title='bbox 531 1612 572 1676; x_wconf 86' lang='lat' dir='ltr'>et,</span> <span class='ocrx_word' id='word_1_105' title='bbox 589 1599 726 1682; x_wconf 89' lang='lat' dir='ltr'>quotiens</span> <span class='ocrx_word' id='word_1_106' title='bbox 741 1617 832 1662; x_wconf 89' lang='lat' dir='ltr'>causa</span> <span class='ocrx_word' id='word_1_107' title='bbox 849 1599 960 1698; x_wconf 73' lang='lat' dir='ltr'>poscit,</span> <span class='ocrx_word' id='word_1_108' title='bbox 970 1598 1105 1676; x_wconf 88' lang='lat' dir='ltr'>ubertas,</span> 
     </span>
     <span class='ocr_line' id='line_1_14' title="bbox 103 1684 1105 1786; baseline -0.005 -35"><span class='ocrx_word' id='word_1_109' title='bbox 103 1705 151 1766; x_wconf 87' lang='lat' dir='ltr'>ea,</span> <span class='ocrx_word' id='word_1_110' title='bbox 167 1687 305 1786; x_wconf 80' lang='lat' dir='ltr'>quotiens</span> <span class='ocrx_word' id='word_1_111' title='bbox 329 1685 518 1770; x_wconf 83' lang='lat' dir='ltr'>permittitur,</span> <span class='ocrx_word' id='word_1_112' title='bbox 541 1685 710 1761; x_wconf 89' lang='lat' dir='ltr'>brevitas,&#39;</span> <span class='ocrx_word' id='word_1_113' title='bbox 702 1706 727 1748; x_wconf 93' lang='lat' dir='ltr'>rs</span> <span class='ocrx_word' id='word_1_114' title='bbox 753 1684 976 1766; x_wconf 82' lang='lat' dir='ltr'>compositionis</span> <span class='ocrx_word' id='word_1_115' title='bbox 998 1685 1105 1763; x_wconf 90' lang='lat' dir='ltr'>decor,</span> 
     </span>
     <span class='ocr_line' id='line_1_15' title="bbox 105 1771 1107 1871; baseline -0.004 -33"><span class='ocrx_word' id='word_1_116' title='bbox 105 1797 141 1838; x_wconf 91' lang='lat' dir='ltr'>ea</span> <span class='ocrx_word' id='word_1_117' title='bbox 156 1774 372 1838; x_wconf 90' lang='lat' dir='ltr'>sententiarum</span> <span class='ocrx_word' id='word_1_118' title='bbox 396 1772 574 1856; x_wconf 89' lang='lat' dir='ltr'>plenitas,</span> <span class='ocrx_word' id='word_1_119' title='bbox 552 1794 595 1836; x_wconf 81' lang='lat' dir='ltr'>sic</span> <span class='ocrx_word' id='word_1_120' title='bbox 618 1771 784 1871; x_wconf 88' lang='lat' dir='ltr'>exprimitis</span> <span class='ocrx_word' id='word_1_121' title='bbox 799 1771 974 1847; x_wconf 86' lang='lat' dir='ltr'>affectus,</span> <span class='ocrx_word' id='word_1_122' title='bbox 952 1792 1007 1832; x_wconf 82' lang='lat' dir='ltr'>sic</span> <span class='ocrx_word' id='word_1_123' title='bbox 1005 1771 1107 1834; x_wconf 89' lang='lat' dir='ltr'>liher-</span> 
     </span>
    </p>

    <p class='ocr_par' dir='ltr' id='par_1_6' title="bbox 103 1856 1108 2030">
     <span class='ocr_line' id='line_1_16' title="bbox 105 1856 1108 1958; baseline -0.004 -33"><span class='ocrx_word' id='word_1_124' title='bbox 105 1876 198 1925; x_wconf 87' lang='lat' dir='ltr'>tutem</span> <span class='ocrx_word' id='word_1_125' title='bbox 216 1859 402 1943; x_wconf 64' lang='lat' dir='ltr'>temperatis</span> <span class='ocrx_word' id='word_1_126' title='bbox 418 1874 450 1922; x_wconf 91' lang='lat' dir='ltr'>ut</span> <span class='ocrx_word' id='word_1_127' title='bbox 473 1861 574 1936; x_wconf 91' lang='lat' dir='ltr'>etiam,</span> <span class='ocrx_word' id='word_1_128' title='bbox 590 1859 614 1922; x_wconf 89' lang='lat' dir='ltr'>si</span> <span class='ocrx_word' id='word_1_129' title='bbox 637 1874 737 1922; x_wconf 85' lang='lat' dir='ltr'>nostra</span> <span class='ocrx_word' id='word_1_130' title='bbox 756 1856 870 1958; x_wconf 86' lang='lat' dir='ltr'>judicia</span> <span class='ocrx_word' id='word_1_131' title='bbox 890 1857 1060 1939; x_wconf 76' lang='lat' dir='ltr'>malignitas</span> <span class='ocrx_word' id='word_1_132' title='bbox 1074 1871 1108 1921; x_wconf 83' lang='lat' dir='ltr'>et</span> 
     </span>
     <span class='ocr_line' id='line_1_17' title="bbox 103 1943 1106 2030; baseline -0.004 -18"><span class='ocrx_word' id='word_1_133' title='bbox 103 1948 213 2012; x_wconf 84' lang='lat' dir='ltr'>invidia</span> <span class='ocrx_word' id='word_1_134' title='bbox 228 1947 402 2023; x_wconf 81' lang='lat' dir='ltr'>tardaverit,</span> <span class='ocrx_word' id='word_1_135' title='bbox 412 1967 517 2008; x_wconf 81' lang='lat' dir='ltr'>rerum</span> <span class='ocrx_word' id='word_1_136' title='bbox 533 1947 667 2014; x_wconf 82' lang='lat' dir='ltr'>devehis</span> <span class='ocrx_word' id='word_1_137' title='bbox 683 1943 788 2010; x_wconf 86' lang='lat' dir='ltr'>dicturi</span> <span class='ocrx_word' id='word_1_138' title='bbox 803 1945 866 2008; x_wconf 90' lang='lat' dir='ltr'>sint</span> <span class='ocrx_word' id='word_1_139' title='bbox 877 1945 987 2030; x_wconf 86' lang='lat' dir='ltr'>posteri</span> <span class='ocrx_word' id='word_1_140' title='bbox 1001 1945 1106 2008; x_wconf 86' lang='lat' dir='ltr'>nostri.</span> 
     </span>
    </p>

    <p class='ocr_par' dir='ltr' id='par_1_7' title="bbox 73 2031 1109 3413">
     <span class='ocr_line' id='line_1_18' title="bbox 149 2031 1108 2116; baseline -0.003 -19"><span class='ocrx_word' id='word_1_141' title='bbox 149 2031 277 2097; x_wconf 84' lang='lat' dir='ltr'>XXIV.</span> <span class='ocrx_word' id='word_1_142' title='bbox 302 2031 382 2106; x_wconf 77' lang='lat' dir='ltr'>Quae</span> <span class='ocrx_word' id='word_1_143' title='bbox 405 2032 476 2096; x_wconf 82' lang='lat' dir='ltr'>cirm</span> <span class='ocrx_word' id='word_1_144' title='bbox 493 2034 578 2116; x_wconf 83' lang='lat' dir='ltr'>Aper</span> <span class='ocrx_word' id='word_1_145' title='bbox 600 2032 737 2108; x_wconf 88' lang='lat' dir='ltr'>dixisset,</span> <span class='ocrx_word' id='word_1_146' title='bbox 761 2031 1018 2113; x_wconf 85' lang='lat' dir='ltr'>Agnoscitisne,</span> <span class='ocrx_word' id='word_1_147' title='bbox 1011 2031 1108 2114; x_wconf 88' lang='lat' dir='ltr'>roqoit</span> 
     </span>
     <span class='ocr_line' id='line_1_19' title="bbox 105 2118 1107 2221; baseline -0.004 -37"><span class='ocrx_word' id='word_1_148' title='bbox 105 2119 315 2194; x_wconf 86' lang='lat' dir='ltr'>Maternus,</span> <span class='ocrx_word' id='word_1_149' title='bbox 288 2139 347 2180; x_wconf 83' lang='lat' dir='ltr'>vim</span> <span class='ocrx_word' id='word_1_150' title='bbox 364 2131 395 2180; x_wconf 85' lang='lat' dir='ltr'>et</span> <span class='ocrx_word' id='word_1_151' title='bbox 411 2119 548 2180; x_wconf 87' lang='lat' dir='ltr'>ardorem</span> <span class='ocrx_word' id='word_1_152' title='bbox 564 2118 642 2202; x_wconf 85' lang='lat' dir='ltr'>Apri</span> <span class='ocrx_word' id='word_1_153' title='bbox 664 2118 778 2180; x_wconf 82' lang='lat' dir='ltr'>nostrii</span> <span class='ocrx_word' id='word_1_154' title='bbox 802 2140 862 2202; x_wconf 94' lang='lat' dir='ltr'>quo</span> <span class='ocrx_word' id='word_1_155' title='bbox 885 2132 1027 2194; x_wconf 88' lang='lat' dir='ltr'>torrente,</span> <span class='ocrx_word' id='word_1_156' title='bbox 1046 2139 1107 2221; x_wconf 81' lang='lat' dir='ltr'>qnp</span> 
     </span>
     <span class='ocr_line' id='line_1_20' title="bbox 105 2203 1106 2306; baseline -0.003 -37"><span class='ocrx_word' id='word_1_157' title='bbox 105 2208 221 2306; x_wconf 81' lang='lat' dir='ltr'>impetp</span> <span class='ocrx_word' id='word_1_158' title='bbox 238 2204 380 2266; x_wconf 81' lang='lat' dir='ltr'>saeculum</span> <span class='ocrx_word' id='word_1_159' title='bbox 396 2218 531 2266; x_wconf 92' lang='lat' dir='ltr'>nostrum</span> <span class='ocrx_word' id='word_1_160' title='bbox 547 2203 703 2266; x_wconf 80' lang='lat' dir='ltr'>defendit!</span> <span class='ocrx_word' id='word_1_161' title='bbox 728 2225 817 2304; x_wconf 89' lang='lat' dir='ltr'>quam</span> <span class='ocrx_word' id='word_1_162' title='bbox 833 2204 956 2288; x_wconf 82' lang='lat' dir='ltr'>copiose</span> <span class='ocrx_word' id='word_1_163' title='bbox 972 2225 1008 2267; x_wconf 88' lang='lat' dir='ltr'>ac</span> <span class='ocrx_word' id='word_1_164' title='bbox 1024 2203 1106 2266; x_wconf 78' lang='lat' dir='ltr'>varii:</span> 
     </span>
     <span class='ocr_line' id='line_1_21' title="bbox 105 2289 1107 2376; baseline -0.002 -20"><span class='ocrx_word' id='word_1_165' title='bbox 105 2291 229 2356; x_wconf 75' lang='lat' dir='ltr'>vexavit</span> <span class='ocrx_word' id='word_1_166' title='bbox 244 2289 400 2375; x_wconf 85' lang='lat' dir='ltr'>antiquos!</span> <span class='ocrx_word' id='word_1_167' title='bbox 424 2305 536 2376; x_wconf 89' lang='lat' dir='ltr'>quanto</span> <span class='ocrx_word' id='word_1_168' title='bbox 551 2311 610 2353; x_wconf 90' lang='lat' dir='ltr'>oon</span> <span class='ocrx_word' id='word_1_169' title='bbox 626 2289 746 2352; x_wconf 78' lang='lat' dir='ltr'>solum</span> <span class='ocrx_word' id='word_1_170' title='bbox 740 2291 860 2370; x_wconf 82' lang='lat' dir='ltr'>ingenio</span> <span class='ocrx_word' id='word_1_171' title='bbox 876 2311 911 2353; x_wconf 89' lang='lat' dir='ltr'>ac</span> <span class='ocrx_word' id='word_1_172' title='bbox 926 2291 1040 2374; x_wconf 87' lang='lat' dir='ltr'>spiritu,</span> <span class='ocrx_word' id='word_1_173' title='bbox 1052 2291 1107 2354; x_wconf 90' lang='lat' dir='ltr'>sed</span> 
     </span>
     <span class='ocr_line' id='line_1_22' title="bbox 104 2377 1107 2462; baseline -0.003 -19"><span class='ocrx_word' id='word_1_174' title='bbox 104 2381 194 2443; x_wconf 90' lang='lat' dir='ltr'>etiarn</span> <span class='ocrx_word' id='word_1_175' title='bbox 211 2377 378 2441; x_wconf 89' lang='lat' dir='ltr'>eruditione</span> <span class='ocrx_word' id='word_1_176' title='bbox 390 2391 422 2441; x_wconf 90' lang='lat' dir='ltr'>et</span> <span class='ocrx_word' id='word_1_177' title='bbox 436 2389 512 2454; x_wconf 87' lang='lat' dir='ltr'>arte,</span> <span class='ocrx_word' id='word_1_178' title='bbox 523 2377 578 2440; x_wconf 89' lang='lat' dir='ltr'>ab</span> <span class='ocrx_word' id='word_1_179' title='bbox 572 2377 642 2462; x_wconf 89' lang='lat' dir='ltr'>rpsis</span> <span class='ocrx_word' id='word_1_180' title='bbox 652 2391 803 2440; x_wconf 83' lang='lat' dir='ltr'>mutuatus</span> <span class='ocrx_word' id='word_1_181' title='bbox 818 2392 873 2454; x_wconf 87' lang='lat' dir='ltr'>est,</span> <span class='ocrx_word' id='word_1_182' title='bbox 890 2399 944 2460; x_wconf 89' lang='lat' dir='ltr'>per</span> <span class='ocrx_word' id='word_1_183' title='bbox 959 2395 1031 2462; x_wconf 84' lang='lat' dir='ltr'>quae</span> <span class='ocrx_word' id='word_1_184' title='bbox 1034 2399 1107 2440; x_wconf 85' lang='lat' dir='ltr'>mox</span> 
     </span>
     <span class='ocr_line' id='line_1_23' title="bbox 105 2459 1108 2565; baseline -0.004 -35"><span class='ocrx_word' id='word_1_185' title='bbox 105 2469 188 2551; x_wconf 86' lang='lat' dir='ltr'>ipsos</span> <span class='ocrx_word' id='word_1_186' title='bbox 205 2463 391 2530; x_wconf 81' lang='lat' dir='ltr'>incesseret!</span> <span class='ocrx_word' id='word_1_187' title='bbox 436 2463 541 2527; x_wconf 90' lang='lat' dir='ltr'>Tuum</span> <span class='ocrx_word' id='word_1_188' title='bbox 564 2479 678 2565; x_wconf 83' lang='lat' dir='ltr'>tamep,</span> <span class='ocrx_word' id='word_1_189' title='bbox 694 2459 838 2541; x_wconf 86' lang='lat' dir='ltr'>Messala,</span> <span class='ocrx_word' id='word_1_190' title='bbox 857 2465 1034 2548; x_wconf 86' lang='lat' dir='ltr'>promissum</span> <span class='ocrx_word' id='word_1_191' title='bbox 1051 2464 1108 2527; x_wconf 91' lang='lat' dir='ltr'>irn-</span> 
     </span>
     <span class='ocr_line' id='line_1_24' title="bbox 104 2549 1106 2636; baseline -0.002 -20"><span class='ocrx_word' id='word_1_192' title='bbox 104 2553 244 2616; x_wconf 88' lang='lat' dir='ltr'>mutasse</span> <span class='ocrx_word' id='word_1_193' title='bbox 263 2575 323 2616; x_wconf 93' lang='lat' dir='ltr'>non</span> <span class='ocrx_word' id='word_1_194' title='bbox 350 2551 466 2615; x_wconf 86' lang='lat' dir='ltr'>debes.</span> <span class='ocrx_word' id='word_1_195' title='bbox 487 2573 588 2636; x_wconf 89' lang='lat' dir='ltr'>neque</span> <span class='ocrx_word' id='word_1_196' title='bbox 612 2552 693 2614; x_wconf 92' lang='lat' dir='ltr'>enim</span> <span class='ocrx_word' id='word_1_197' title='bbox 720 2549 893 2614; x_wconf 80' lang='lat' dir='ltr'>defensores</span> <span class='ocrx_word' id='word_1_198' title='bbox 916 2552 1106 2635; x_wconf 90' lang='lat' dir='ltr'>antiquorum</span> 
     </span>
     <span class='ocr_line' id='line_1_25' title="bbox 105 2637 1107 2722; baseline -0.002 -19"><span class='ocrx_word' id='word_1_199' title='bbox 105 2641 264 2722; x_wconf 80' lang='lat' dir='ltr'>exigimus,</span> <span class='ocrx_word' id='word_1_200' title='bbox 281 2659 338 2702; x_wconf 87' lang='lat' dir='ltr'>nec</span> <span class='ocrx_word' id='word_1_201' title='bbox 354 2659 525 2722; x_wconf 90' lang='lat' dir='ltr'>quenquam</span> <span class='ocrx_word' id='word_1_202' title='bbox 542 2637 688 2713; x_wconf 90' lang='lat' dir='ltr'>nostrum,</span> <span class='ocrx_word' id='word_1_203' title='bbox 700 2658 870 2720; x_wconf 90' lang='lat' dir='ltr'>quanquam</span> <span class='ocrx_word' id='word_1_204' title='bbox 888 2637 980 2699; x_wconf 86' lang='lat' dir='ltr'>modd</span> <span class='ocrx_word' id='word_1_205' title='bbox 996 2637 1107 2701; x_wconf 89' lang='lat' dir='ltr'>laudati</span> 
     </span>
     <span class='ocr_line' id='line_1_26' title="bbox 106 2724 1107 2822; baseline -0.002 -33"><span class='ocrx_word' id='word_1_206' title='bbox 106 2748 220 2800; x_wconf 86' lang='lat' dir='ltr'>sumus,</span> <span class='ocrx_word' id='word_1_207' title='bbox 238 2727 293 2800; x_wconf 89' lang='lat' dir='ltr'>his,</span> <span class='ocrx_word' id='word_1_208' title='bbox 310 2745 384 2822; x_wconf 88' lang='lat' dir='ltr'>quos</span> <span class='ocrx_word' id='word_1_209' title='bbox 400 2725 562 2787; x_wconf 89' lang='lat' dir='ltr'>insectatus</span> <span class='ocrx_word' id='word_1_210' title='bbox 585 2738 629 2786; x_wconf 89' lang='lat' dir='ltr'>est</span> <span class='ocrx_word' id='word_1_211' title='bbox 646 2724 741 2805; x_wconf 87' lang='lat' dir='ltr'>Aper,</span> <span class='ocrx_word' id='word_1_212' title='bbox 761 2743 992 2806; x_wconf 89' lang='lat' dir='ltr'>comparamus:</span> <span class='ocrx_word' id='word_1_213' title='bbox 1016 2745 1052 2787; x_wconf 90' lang='lat' dir='ltr'>ac</span> <span class='ocrx_word' id='word_1_214' title='bbox 1068 2745 1107 2786; x_wconf 86' lang='lat' dir='ltr'>ne</span> 
     </span>
     <span class='ocr_line' id='line_1_27' title="bbox 73 2809 1109 2914; baseline -0.001 -39"><span class='ocrx_word' id='word_1_215' title='bbox 73 2811 77 2822; x_wconf 84' lang='lat'>&#39;</span> <span class='ocrx_word' id='word_1_216' title='bbox 105 2815 169 2896; x_wconf 89' lang='lat' dir='ltr'>ipse</span> <span class='ocrx_word' id='word_1_217' title='bbox 187 2811 331 2914; x_wconf 90' lang='lat' dir='ltr'>quidem</span> <span class='ocrx_word' id='word_1_218' title='bbox 325 2826 364 2873; x_wconf 89' lang='lat' dir='ltr'>rta</span> <span class='ocrx_word' id='word_1_219' title='bbox 379 2810 478 2886; x_wconf 88' lang='lat' dir='ltr'>sentit,</span> <span class='ocrx_word' id='word_1_220' title='bbox 494 2809 548 2872; x_wconf 92' lang='lat' dir='ltr'>sed</span> <span class='ocrx_word' id='word_1_221' title='bbox 565 2830 648 2872; x_wconf 92' lang='lat' dir='ltr'>mure</span> <span class='ocrx_word' id='word_1_222' title='bbox 665 2812 769 2886; x_wconf 89' lang='lat' dir='ltr'>veteri,</span> <span class='ocrx_word' id='word_1_223' title='bbox 785 2823 816 2871; x_wconf 89' lang='lat' dir='ltr'>et</span> <span class='ocrx_word' id='word_1_224' title='bbox 832 2809 903 2872; x_wconf 84' lang='lat' dir='ltr'>alias</span> <span class='ocrx_word' id='word_1_225' title='bbox 919 2811 1024 2873; x_wconf 88' lang='lat' dir='ltr'>vestris</span> <span class='ocrx_word' id='word_1_226' title='bbox 1040 2811 1109 2894; x_wconf 86' lang='lat' dir='ltr'>plri-</span> 
     </span>
     <span class='ocr_line' id='line_1_28' title="bbox 104 2895 1106 2980; baseline -0.002 -18"><span class='ocrx_word' id='word_1_227' title='bbox 104 2897 239 2980; x_wconf 88' lang='lat' dir='ltr'>losophis</span> <span class='ocrx_word' id='word_1_228' title='bbox 254 2917 335 2978; x_wconf 81' lang='lat' dir='ltr'>sepe</span> <span class='ocrx_word' id='word_1_229' title='bbox 357 2895 521 2974; x_wconf 88' lang='lat' dir='ltr'>celebrato,</span> <span class='ocrx_word' id='word_1_230' title='bbox 540 2896 645 2959; x_wconf 89' lang='lat' dir='ltr'>sumsit</span> <span class='ocrx_word' id='word_1_231' title='bbox 668 2895 722 2958; x_wconf 88' lang='lat' dir='ltr'>sibi</span> <span class='ocrx_word' id='word_1_232' title='bbox 745 2897 969 2960; x_wconf 90' lang='lat' dir='ltr'>contradicendi</span> <span class='ocrx_word' id='word_1_233' title='bbox 995 2911 1106 2980; x_wconf 90' lang='lat' dir='ltr'>partes.</span> 
     </span>
     <span class='ocr_line' id='line_1_29' title="bbox 106 2979 1107 3068; baseline -0.001 -20"><span class='ocrx_word' id='word_1_234' title='bbox 106 2984 179 3067; x_wconf 84' lang='lat' dir='ltr'>Exp</span> <span class='ocrx_word' id='word_1_235' title='bbox 182 3004 264 3045; x_wconf 83' lang='lat' dir='ltr'>rome</span> <span class='ocrx_word' id='word_1_236' title='bbox 281 2983 376 3059; x_wconf 89' lang='lat' dir='ltr'>nobis,</span> <span class='ocrx_word' id='word_1_237' title='bbox 392 3005 451 3046; x_wconf 91' lang='lat' dir='ltr'>non</span> <span class='ocrx_word' id='word_1_238' title='bbox 474 2979 677 3047; x_wconf 86' lang='lat' dir='ltr'>laudationem</span> <span class='ocrx_word' id='word_1_239' title='bbox 702 2983 914 3068; x_wconf 87' lang='lat' dir='ltr'>antiquorum:</span> <span class='ocrx_word' id='word_1_240' title='bbox 937 2982 1006 3048; x_wconf 84' lang='lat' dir='ltr'>satis</span> <span class='ocrx_word' id='word_1_241' title='bbox 1025 2984 1107 3048; x_wconf 88' lang='lat' dir='ltr'>enirn</span> 
     </span>
     <span class='ocr_line' id='line_1_30' title="bbox 106 3069 1108 3174; baseline -0.003 -39"><span class='ocrx_word' id='word_1_242' title='bbox 106 3071 172 3135; x_wconf 90' lang='lat' dir='ltr'>illos</span> <span class='ocrx_word' id='word_1_243' title='bbox 196 3069 275 3132; x_wconf 91' lang='lat' dir='ltr'>sama</span> <span class='ocrx_word' id='word_1_244' title='bbox 298 3091 352 3132; x_wconf 91' lang='lat' dir='ltr'>sua</span> <span class='ocrx_word' id='word_1_245' title='bbox 374 3070 494 3148; x_wconf 89' lang='lat' dir='ltr'>laudat;</span> <span class='ocrx_word' id='word_1_246' title='bbox 517 3071 570 3134; x_wconf 91' lang='lat' dir='ltr'>sed</span> <span class='ocrx_word' id='word_1_247' title='bbox 594 3091 710 3174; x_wconf 82' lang='lat' dir='ltr'>causps,</span> <span class='ocrx_word' id='word_1_248' title='bbox 726 3091 781 3133; x_wconf 92' lang='lat' dir='ltr'>cur</span> <span class='ocrx_word' id='word_1_249' title='bbox 800 3071 828 3132; x_wconf 89' lang='lat' dir='ltr'>in</span> <span class='ocrx_word' id='word_1_250' title='bbox 850 3083 966 3134; x_wconf 87' lang='lat' dir='ltr'>tantum</span> <span class='ocrx_word' id='word_1_251' title='bbox 990 3071 1028 3134; x_wconf 92' lang='lat' dir='ltr'>ab</span> <span class='ocrx_word' id='word_1_252' title='bbox 1044 3071 1108 3132; x_wconf 91' lang='lat' dir='ltr'>elo·</span> 
     </span>
     <span class='ocr_line' id='line_1_31' title="bbox 107 3155 1109 3244; baseline -0.001 -22"><span class='ocrx_word' id='word_1_253' title='bbox 107 3155 231 3244; x_wconf 86' lang='lat' dir='ltr'>quentia</span> <span class='ocrx_word' id='word_1_254' title='bbox 260 3177 364 3218; x_wconf 87' lang='lat' dir='ltr'>eorum</span> <span class='ocrx_word' id='word_1_255' title='bbox 391 3156 714 3233; x_wconf 79' lang='lat' dir='ltr'>recesserimus30l1m</span> <span class='ocrx_word' id='word_1_256' title='bbox 743 3157 907 3240; x_wconf 77' lang='lat' dir='ltr'>presertim</span> <span class='ocrx_word' id='word_1_257' title='bbox 930 3171 1053 3220; x_wconf 85' lang='lat' dir='ltr'>centum</span> <span class='ocrx_word' id='word_1_258' title='bbox 1077 3171 1109 3222; x_wconf 85' lang='lat' dir='ltr'>et</span> 
     </span>
     <span class='ocr_line' id='line_1_32' title="bbox 106 3242 1109 3356; baseline -0.001 -47"><span class='ocrx_word' id='word_1_259' title='bbox 106 3245 209 3330; x_wconf 82' lang='lat' dir='ltr'>viginti</span> <span class='ocrx_word' id='word_1_260' title='bbox 227 3263 321 3305; x_wconf 90' lang='lat' dir='ltr'>annos</span> <span class='ocrx_word' id='word_1_261' title='bbox 336 3243 396 3305; x_wconf 91' lang='lat' dir='ltr'>ab</span> <span class='ocrx_word' id='word_1_262' title='bbox 389 3243 509 3306; x_wconf 80' lang='lat' dir='ltr'>interitu</span> <span class='ocrx_word' id='word_1_263' title='bbox 525 3242 707 3308; x_wconf 87' lang='lat' dir='ltr'>Ciceronis&#39;</span> <span class='ocrx_word' id='word_1_264' title='bbox 700 3266 729 3306; x_wconf 93' lang='grc' dir='ltr'>ιιι</span> <span class='ocrx_word' id='word_1_265' title='bbox 746 3243 826 3306; x_wconf 87' lang='lat' dir='ltr'>lrunc</span> <span class='ocrx_word' id='word_1_266' title='bbox 842 3243 922 3306; x_wconf 89' lang='lat' dir='ltr'>diem</span> <span class='ocrx_word' id='word_1_267' title='bbox 940 3245 1017 3307; x_wconf 89' lang='lat' dir='ltr'>effici</span> <span class='ocrx_word' id='word_1_268' title='bbox 1034 3245 1109 3356; x_wconf 88' lang='lat' dir='ltr'>ratio</span> 
     </span>
     <span class='ocr_line' id='line_1_33' title="bbox 106 3329 460 3413; baseline -0.015 -16"><span class='ocrx_word' id='word_1_269' title='bbox 106 3349 278 3413; x_wconf 90' lang='lat' dir='ltr'>temporum</span> <span class='ocrx_word' id='word_1_270' title='bbox 294 3329 460 3409; x_wconf 75' lang='lat' dir='ltr'>collegerit.</span> 
     </span>
    </p>

    <p class='ocr_par' dir='ltr' id='par_1_8' title="bbox 107 3415 1111 4110">
     <span class='ocr_line' id='line_1_34' title="bbox 150 3415 1108 3501; baseline -0.002 -19"><span class='ocrx_word' id='word_1_271' title='bbox 150 3417 257 3482; x_wconf 89' lang='lat' dir='ltr'>XXV.</span> <span class='ocrx_word' id='word_1_272' title='bbox 280 3416 363 3479; x_wconf 85' lang='lat' dir='ltr'>Turn</span> <span class='ocrx_word' id='word_1_273' title='bbox 377 3415 531 3478; x_wconf 82' lang='lat' dir='ltr'>Messala:</span> <span class='ocrx_word' id='word_1_274' title='bbox 554 3415 697 3501; x_wconf 89' lang='lat' dir='ltr'>Sequara</span> <span class='ocrx_word' id='word_1_275' title='bbox 710 3430 739 3479; x_wconf 89' lang='lat' dir='ltr'>te</span> <span class='ocrx_word' id='word_1_276' title='bbox 754 3415 957 3501; x_wconf 81' lang='lat' dir='ltr'>prescriptam</span> <span class='ocrx_word' id='word_1_277' title='bbox 971 3415 1108 3496; x_wconf 85' lang='lat' dir='ltr'>sormam,</span> 
     </span>
     <span class='ocr_line' id='line_1_35' title="bbox 108 3502 1109 3590; baseline -0.001 -21"><span class='ocrx_word' id='word_1_278' title='bbox 108 3505 258 3570; x_wconf 90' lang='lat' dir='ltr'>Materne.</span> <span class='ocrx_word' id='word_1_279' title='bbox 306 3502 416 3588; x_wconf 88' lang='lat' dir='ltr'>Neque</span> <span class='ocrx_word' id='word_1_280' title='bbox 432 3504 512 3566; x_wconf 93' lang='lat' dir='ltr'>enim</span> <span class='ocrx_word' id='word_1_281' title='bbox 530 3503 579 3565; x_wconf 93' lang='lat' dir='ltr'>diu</span> <span class='ocrx_word' id='word_1_282' title='bbox 596 3503 864 3566; x_wconf 89' lang='lat' dir='ltr'>contradicendum</span> <span class='ocrx_word' id='word_1_283' title='bbox 882 3521 927 3566; x_wconf 90' lang='lat' dir='ltr'>est</span> <span class='ocrx_word' id='word_1_284' title='bbox 944 3503 1042 3587; x_wconf 90' lang='lat' dir='ltr'>Apro,</span> <span class='ocrx_word' id='word_1_285' title='bbox 1059 3505 1109 3590; x_wconf 89' lang='lat' dir='ltr'>qui</span> 
     </span>
     <span class='ocr_line' id='line_1_36' title="bbox 109 3588 1109 3695; baseline 0.002 -43"><span class='ocrx_word' id='word_1_286' title='bbox 109 3592 249 3677; x_wconf 77' lang='lat' dir='ltr'>primum,</span> <span class='ocrx_word' id='word_1_287' title='bbox 266 3607 297 3654; x_wconf 91' lang='lat' dir='ltr'>ut</span> <span class='ocrx_word' id='word_1_288' title='bbox 312 3591 430 3695; x_wconf 81' lang='lat' dir='ltr'>opinor,</span> <span class='ocrx_word' id='word_1_289' title='bbox 445 3588 573 3652; x_wconf 86' lang='lat' dir='ltr'>nominis</span> <span class='ocrx_word' id='word_1_290' title='bbox 595 3590 829 3653; x_wconf 89' lang='lat' dir='ltr'>controversiam</span> <span class='ocrx_word' id='word_1_291' title='bbox 847 3592 951 3666; x_wconf 90' lang='lat' dir='ltr'>movit,</span> <span class='ocrx_word' id='word_1_292' title='bbox 968 3609 1109 3676; x_wconf 91' lang='lat' dir='ltr'>tanquam</span> 
     </span>
     <span class='ocr_line' id='line_1_37' title="bbox 109 3675 1109 3762; baseline 0.001 -23"><span class='ocrx_word' id='word_1_293' title='bbox 109 3697 214 3762; x_wconf 90' lang='lat' dir='ltr'>parum</span> <span class='ocrx_word' id='word_1_294' title='bbox 232 3677 349 3762; x_wconf 74' lang='lat' dir='ltr'>proprie</span> <span class='ocrx_word' id='word_1_295' title='bbox 371 3678 483 3762; x_wconf 90' lang='lat' dir='ltr'>antiqui</span> <span class='ocrx_word' id='word_1_296' title='bbox 505 3693 693 3753; x_wconf 88' lang='lat' dir='ltr'>vocarentur,</span> <span class='ocrx_word' id='word_1_297' title='bbox 717 3699 792 3762; x_wconf 92' lang='lat' dir='ltr'>quos</span> <span class='ocrx_word' id='word_1_298' title='bbox 814 3675 886 3741; x_wconf 88' lang='lat' dir='ltr'>satis</span> <span class='ocrx_word' id='word_1_299' title='bbox 907 3692 1024 3741; x_wconf 90' lang='lat' dir='ltr'>constat</span> <span class='ocrx_word' id='word_1_300' title='bbox 1040 3693 1109 3740; x_wconf 87' lang='lat' dir='ltr'>ante</span> 
     </span>
     <span class='ocr_line' id='line_1_38' title="bbox 107 3761 1107 3846; baseline 0 -18"><span class='ocrx_word' id='word_1_301' title='bbox 107 3777 228 3828; x_wconf 88' lang='lat' dir='ltr'>centum</span> <span class='ocrx_word' id='word_1_302' title='bbox 246 3785 339 3825; x_wconf 91' lang='lat' dir='ltr'>annos</span> <span class='ocrx_word' id='word_1_303' title='bbox 356 3763 456 3826; x_wconf 82' lang='lat' dir='ltr'>luisse.</span> <span class='ocrx_word' id='word_1_304' title='bbox 502 3761 580 3826; x_wconf 86' lang='lat' dir='ltr'>Mihi</span> <span class='ocrx_word' id='word_1_305' title='bbox 597 3781 697 3826; x_wconf 89' lang='lat' dir='ltr'>autem</span> <span class='ocrx_word' id='word_1_306' title='bbox 715 3763 753 3826; x_wconf 92' lang='lat' dir='ltr'>de</span> <span class='ocrx_word' id='word_1_307' title='bbox 768 3765 915 3827; x_wconf 86' lang='lat' dir='ltr'>vocabulo</span> <span class='ocrx_word' id='word_1_308' title='bbox 933 3785 1031 3846; x_wconf 88' lang='lat' dir='ltr'>pugna</span> <span class='ocrx_word' id='word_1_309' title='bbox 1047 3783 1107 3828; x_wconf 90' lang='lat' dir='ltr'>non</span> 
     </span>
     <span class='ocr_line' id='line_1_39' title="bbox 109 3849 1111 3952; baseline 0.001 -38"><span class='ocrx_word' id='word_1_310' title='bbox 109 3865 175 3914; x_wconf 89' lang='lat' dir='ltr'>est:</span> <span class='ocrx_word' id='word_1_311' title='bbox 200 3849 262 3910; x_wconf 86' lang='lat' dir='ltr'>sive</span> <span class='ocrx_word' id='word_1_312' title='bbox 278 3849 343 3910; x_wconf 89' lang='lat' dir='ltr'>illos</span> <span class='ocrx_word' id='word_1_313' title='bbox 366 3851 515 3934; x_wconf 90' lang='lat' dir='ltr'>antiquos,</span> <span class='ocrx_word' id='word_1_314' title='bbox 531 3850 593 3915; x_wconf 85' lang='lat' dir='ltr'>siv-e</span> <span class='ocrx_word' id='word_1_315' title='bbox 610 3849 750 3951; x_wconf 84' lang='lat' dir='ltr'>majores,</span> <span class='ocrx_word' id='word_1_316' title='bbox 766 3852 829 3914; x_wconf 85' lang='lat' dir='ltr'>sive</span> <span class='ocrx_word' id='word_1_317' title='bbox 833 3873 905 3952; x_wconf 33' lang='lat' dir='ltr'>&#39;quo</span> <span class='ocrx_word' id='word_1_318' title='bbox 921 3852 979 3914; x_wconf 89' lang='lat' dir='ltr'>alio</span> <span class='ocrx_word' id='word_1_319' title='bbox 995 3851 1111 3916; x_wconf 88' lang='lat' dir='ltr'>mavult</span> 
     </span>
     <span class='ocr_line' id='line_1_40' title="bbox 109 3934 1110 4014; baseline -0.001 -13"><span class='ocrx_word' id='word_1_320' title='bbox 109 3935 241 4008; x_wconf 92' lang='lat' dir='ltr'>nomine,</span> <span class='ocrx_word' id='word_1_321' title='bbox 258 3934 411 4013; x_wconf 87' lang='lat' dir='ltr'>appellet:</span> <span class='ocrx_word' id='word_1_322' title='bbox 436 3937 624 3999; x_wconf 90' lang='lat' dir='ltr'>dummudn&#39;</span> <span class='ocrx_word' id='word_1_323' title='bbox 617 3961 646 4000; x_wconf 90' lang='lat' dir='ltr'>m</span> <span class='ocrx_word' id='word_1_324' title='bbox 662 3935 839 4000; x_wconf 87' lang='lat' dir='ltr'>consessu</span> <span class='ocrx_word' id='word_1_325' title='bbox 816 3955 864 4014; x_wconf 85' lang='lat' dir='ltr'>stt,</span> <span class='ocrx_word' id='word_1_326' title='bbox 880 3939 1110 4002; x_wconf 85' lang='lat' dir='ltr'>eminentiorem</span> 
     </span>
     <span class='ocr_line' id='line_1_41' title="bbox 109 4023 1110 4110; baseline 0.007 -27"><span class='ocrx_word' id='word_1_327' title='bbox 109 4023 225 4086; x_wconf 87' lang='lat' dir='ltr'>illorum</span> <span class='ocrx_word' id='word_1_328' title='bbox 256 4035 426 4102; x_wconf 89' lang='lat' dir='ltr'>temporum</span> <span class='ocrx_word' id='word_1_329' title='bbox 457 4023 660 4106; x_wconf 88' lang='lat' dir='ltr'>eloquentiam</span> <span class='ocrx_word' id='word_1_330' title='bbox 691 4023 793 4087; x_wconf 85' lang='lat' dir='ltr'>luisse.</span> <span class='ocrx_word' id='word_1_331' title='bbox 838 4023 889 4088; x_wconf 87' lang='lat' dir='ltr'>Ne</span> <span class='ocrx_word' id='word_1_332' title='bbox 919 4025 960 4090; x_wconf 92' lang='lat' dir='ltr'>illi</span> <span class='ocrx_word' id='word_1_333' title='bbox 987 4025 1110 4110; x_wconf 88' lang='lat' dir='ltr'>quidem</span> 
     </span>
    </p>
   </div>
   <div class='ocr_carea' id='block_1_3' title="bbox 0 0 1286 4446">
    <p class='ocr_par' dir='ltr' id='par_1_9' title="bbox 0 0 1286 4446">
     <span class='ocr_line' id='line_1_42' title="bbox 0 0 1286 4446; baseline 0 0"><span class='ocrx_word' id='word_1_334' title='bbox 0 0 1286 4446; x_wconf 95' lang='lat' dir='ltr'> </span> 
     </span>
    </p>
   </div>
  </div>
 </body>
</html>
