2556 4446
551 203 739 269 Aaarcous.
1083 207 1147 270 223

147 368 293 456 curaque,
309 381 341 432 ut
355 366 436 430 nulia
450 367 520 431 ante
536 367 700 432 Britanniae
723 388 801 432 nova
817 389 884 456 pars
900 365 1057 434 iliacessita
1072 383 1152 434 tran-

147 459 241 524 Slel'll·
727 505 746 552 s
1084 481 1161 531 ‚s‘

193 541 287 608 XXI.
313 541 453 627 Sequens
475 541 585 626 hyems
614 541 817 628 saluberrimis
846 542 976 606 consiliis
997 543 1151 608 absumta:

147 615 292 715 namque,
307 643 341 708 ‚ut
365 629 501 692 homines
524 628 648 714 dispersi
672 651 707 692 ac
723 625 827 706 rudes,
841 629 939 714 ebque
956 630 984 692 in
1005 629 1086 693 bello
1109 630 1124 692 i
1139 665 1153 680 ·

148 718 235 795 ciles,
260 716 352 800 quieti
379 728 411 778 et
452 716 493 779 tio
516 737 570 799 per
600 715 771 800 voluptates
797 698 1016 794 assuescereirt,
1041 717 1152 780 hortari

147 803 299 891 privatim,
316 801 406 886 adjuv
427 823 458 866 re
474 801 605 886 publice,
615 816 649 865 ut
665 803 789 887 templa,
806 801 878 879 sora,
895 803 1002 866 domus
1015 818 1153 867 exstrue*

149 904 229 968 rent,
252 889 404 952 laudando
427 903 572 972 promtos,
588 903 619 953 et
640 889 814 970 castigando
830 911 956 970 segnes:
979 891 1017 954 ita
1033 889 1153 953 honoris

1180 445 1208 471 f

150 977 300 1041 aemulatio
316 997 370 1062 pro
385 976 566 1039 necessitate
582 989 655 1041 erat.
701 974 770 1038 Jarn
788 975 860 1038 verb
882 976 1058 1062 Principum
1079 979 1153 1040 filios
1205 984 1207 992 '

149 1062 324 1128 liberalibus
338 1063 450 1124 artibus
473 1063 603 1139 erudire,
620 1075 651 1126 et
675 1063 793 1145 ingenia
819 1062 1032 1126 Britannorum
1050 1064 1154 1127 studiis

150 1149 309 1214 Gallorum
326 1148 485 1224 anteferre,
509 1163 552 1226 ut,
569 1149 620 1235 qui
643 1149 734 1212 modb
754 1151 886 1232 linguam
904 1149 1076 1214 Romanam
1101 1151 1154 1214 ab·

149 1236 295 1314 mebant,
311 1237 515 1321 eloquentiam
532 1238 793 1321 concupiscerent.
841 1235 916 1300 lude
929 1231 1018 1300 eriam
1036 1237 1154 1302 habitris
1183 1265 1187 1288 2

150 1323 243 1388 nostri
265 1324 362 1386 honor
377 1339 407 1386 et
422 1322 561 1408 frequens
583 1336 673 1406 toga:
696 1320 901 1408 paulatimque
927 1325 1091 1387 discessum
1116 1324 1154 1387 ad

151 1409 346 1472 delinimenta
373 1410 522 1488 vitiorum,
547 1412 678 1493 porticus
703 1424 734 1471 et
758 1409 866 1470 balnea
892 1423 923 1471 et
948 1411 1154 1473 conviviorum

152 1495 354 1581 elegantiam:
379 1494 470 1580 idque
495 1495 576 1578 apud
603 1491 756 1579 impeiit'os
782 1493 954 1557 humanitus
977 1495 1153 1575 vocabatur,

151 1582 222 1646 clun
240 1603 308 1664 pars
321 1582 470 1644 servitutis
486 1594 577 1644 esset.

195 1667 302 1732 XXII.
326 1665 449 1730 Tertius
461 1667 689 1750 expeditionum
700 1687 794 1729 annus
804 1687 898 1730 novas
910 1681 1015 1750 gentes
1026 1644 1153 1752 apeilrit,

153 1753 276 1820 vastatis
294 1774 388 1838 usque
412 1753 449 1815 ad
472 1752 573 1815 Taiim
592 1753 742 1838 (aestuario
758 1775 867 1816 nornen
886 1754 946 1839 est)
965 1757 1152 1819 nationibus:

153 1826 214 1928 quia
229 1827 385 1904 sofmidine
402 1839 495 1902 territi
520 1841 631 1917 hostes,
652 1862 824 1926 quanquam
847 1831 1054 1906 conflictatum
1071 1843 1155 1908 saevis

152 1929 380 2013 tempestatibus
395 1926 573 2003 exercitum,
590 1927 740 1992 lacessere
756 1950 815 1990 non
832 1929 918 1991 ausi:
942 1917 1149 2015 ponendisque

152 2015 275 2100 insuper
286 2009 415 2077 castellis
430 2015 558 2097 spatium
575 2012 639 2078 suit.
678 2014 874 2078 Annotabant
887 2017 983 2099 periti,
994 2039 1052 2080 non
1064 2018 1155 2080 alium
1198 2089 1203 2098 ,

154 2099 277 2165 Ducem
293 2101 529 2184 opportunitates
546 2101 680 2164 locorum
704 2101 865 2186 sapientius
889 2103 1014 2186 legisse:
1040 2104 1154 2167 nulium

152 2188 192 2252 ab
208 2186 351 2270 Agricolai
367 2188 495 2271 positum
511 2175 667 2250 castellu'm
684 2203 735 2250 aut
749 2189 776 2249 vi
794 2189 921 2250 hostiurn
935 2205 1155 2271 expugnatum,
1198 2191 1203 2198 '

154 2289 204 2339 aut
220 2257 357 2359 pactioite
374 2289 424 2338 aut
442 2272 513 2356 suga
525 2258 689 2338 deserrdm.
729 2273 852 2338 Crebrae
874 2275 1064 2359 eruptiones:
1085 2297 1155 2340 narn

153 2361 297 2424 adversus
313 2383 410 2424 moras
426 2361 586 2424 obsidionis
599 2351 703 2424 annuis
717 2361 811 2446 copiis
823 2361 1034 2424 firmabantur:
1057 2362 1095 2426 ita
1112 2363 1157 2426 in·-

152 2448 269 2532 trepida
285 2449 323 2512 ibi
342 2451 459 2532 hyems,
476 2464 506 2512 et
521 2448 574 2512 sibi
596 2448 723 2534 quisque
740 2448 886 2533 prasidio,
908 2449 994 2512 irritis
1011 2449 1155 2528 hostibus,

153 2534 252 2619 ebque
275 2536 513 2620 desperantibus
533 2536 602 2620 quia
622 2535 697 2600 soliti
724 2537 901 2620 plerumque
918 2536 1027 2600 damna
1050 2537 1156 2601 aestatis

154 2621 297 2704 hybernis
313 2623 470 2685 eventibus
486 2608 624 2705 pensare,
639 2637 702 2687 turn
719 2637 820 2686 aestate
836 2639 927 2708 atque
943 2624 1054 2707 hyeme
1066 2622 1157 2710 juxtai

154 2707 353 2790 pellebantur.
399 2706 429 2768 N
433 2729 468 2768 ec
486 2708 625 2788 Agricola
642 2729 772 2790 unquam
796 2729 849 2790 per
864 2710 937 2771 alios
953 2713 1036 2791 gesta
1052 2709 1157 2772 avidus

154 2793 329 2875 intercepit:
355 2813 408 2854 seu
425 2791 583 2868 Centurio,
604 2813 656 2854 seu
675 2792 850 2869 Praefectus,
868 2795 1069 2878 incorruptum
1087 2794 1157 2858 sacti

71 2879 72 2883 ’
154 2890 263 2940 testem
281 2878 420 2940 habehat.
460 2875 552 2961 Apud
570 2878 714 2963 quosdam
738 2879 874 2942 acerbior
889 2881 917 2941 in
934 2881 1076 2943 conviciis
1091 2901 1158 2942 nar-

153 2964 284 3040 rabatur,
298 2981 328 3026 ut
342 2964 425 3026 bonis
441 2965 547 3040 comis,
564 2965 604 3027 ita
616 2963 760 3029 adversius
775 2965 869 3028 maios
885 2965 1083 3051 injucundus:
1105 2987 1157 3028 ce-

154 3050 252 3114 terirm
269 3071 307 3114 ex
324 3049 478 3113 iracundiis
488 3051 564 3114 nihii
580 3065 751 3135 supererat:
776 3067 926 3114 secretum
950 3065 980 3114 et
1006 3051 1157 3117 silentium

154 3137 218 3224 ejus
231 3159 289 3199 non
303 3138 441 3198 timeres:
467 3137 620 3200 honestius
634 3139 757 3222 putabat
769 3136 1004 3230 offenderedqub
1047 3138 1095 3200 odi
1113 3160 1157 3202 se.

200 3219 326 3288 XXlll.
352 3223 469 3296 Quarta
496 3239 580 3288 aestas
596 3224 776 3300 obtinendis,
804 3245 868 3308 quae
893 3240 1089 3314 perpurrerat,
1114 3227 1158 3298 in:

153 3326 271 3376 sumta:
294 3331 340 3385 ac,
364 3311 388 3371 si
404 3309 494 3372 tirtus
516 3312 704 3374 exercituum
721 3324 751 3374 et
768 3311 899 3374 Romani
917 3312 1044 3374 nominis
1065 3312 1157 3391 gioria
1172 3321 1195 3360 '·-

153 3412 318 3484 pateretur,
328 3398 466 3460 inventus
482 3398 510 3459 in
528 3396 595 3476 ipsit
606 3396 761 3462 Britanniai
772 3397 925 3460 terminus.
973 3396 1052 3460 Nam
1066 3398 1158 3463 Clota

155 3500 185 3549 et
200 3483 357 3560 Bodotria,
375 3484 481 3546 diversi
505 3485 595 3548 maris
611 3485 728 3548 aestibus
744 3507 797 3569 per
812 3485 992 3548 immensum
1019 3501 1157 3562 revecta,

155 3585 282 3656 angusto
303 3587 447 3634 terrarum
470 3572 568 3656 spatio
595 3571 791 3636 dirimuntur:
822 3573 902 3657 quod
930 3567 992 3635 tum
1017 3573 1158 3657 praesidiis

153 3653 349 3722 firmabatur:
372 3673 461 3742 atque
477 3659 574 3722 omnis
590 3659 712 3743 propior
726 3660 807 3723 sinus
823 3660 991 3737 tenebatur,
1001 3659 1158 3723 summotis

153 3745 282 3810 velutin
299 3747 387 3810 aliam
404 3745 530 3810 insulam
548 3745 693 3810 hostibus.
