2556 4446
381 338 427 381 ιιιι
450 315 668 381 Oaarortieas
691 312 874 380 Dianoeas.
1066 206 1136 394 26(
1241 320 1243 322 ’

129 481 242 560 dixisti,
257 481 516 567 differentiamque
531 495 638 546 nostre
654 479 774 545 desidiae
789 492 831 542 et
848 477 1009 541 inscientia
1024 477 1132 542 adver·

130 568 183 632 sits
196 571 341 633 acerrima
364 583 395 630 et
422 567 647 631 foecundissima
670 589 773 632 eorum
789 565 887 630 studia
903 563 1132 628 demonstrasti·

129 669 233 720 cetera
248 671 389 740 expecta,
415 669 459 732 ut,
476 654 730 754 quemadmodum
747 675 787 715 ex
814 667 844 714 te
865 651 965 726 didici,
993 650 1062 734 quid
1079 665 1131 716 aut

129 741 171 805 illi
191 743 311 818 scirent,
336 755 387 803 aut
403 763 457 804 nos
473 738 652 838 nesciamus,
672 741 713 802 ita
728 740 786 802 hoc
802 759 922 838 quoque
938 757 1130 821 cognoscam,

129 828 237 912 quibus
252 827 539 906 exercitationibus
526 849 665 914 Juvenes,
677 824 741 925 jam
757 825 881 888 forum
874 825 1044 908 ingressuri,
1059 845 1132 886 eon·

128 915 246 978 firmare
261 927 294 976 et
308 913 414 976 alere
406 915 526 995 ingenia
539 937 593 1016 spa
608 913 686 978 soliti
702 913 777 976 sint:
802 933 901 996 neque
918 912 998 974 enirn
1015 925 1080 972 arte
1100 925 1131 976 et

127 998 265 1080 scientiis,
289 1001 348 1062 sed
367 1000 458 1086 longia
481 998 575 1082 magis
591 999 733 1062 facultate
750 997 951 1083 eloquentiam
974 997 1130 1076 contineri,

129 1107 188 1150 nec
202 1101 246 1164 tu,
263 1101 347 1170 puto,
364 1087 489 1164 abnues,
505 1102 536 1149 et
552 1087 587 1148 hi
598 1085 767 1168 significare
783 1085 866 1148 vultu
884 1085 1073 1148 videntur.

173 1171 353 1250 Deinde,
322 1195 392 1236 cum
409 1174 495 1256 Aper
510 1187 540 1236 et
556 1171 714 1236 Secundus
740 1171 820 1233 idem
845 1172 1026 1271 annuissent,
1047 1169 1130 1234 Mes·

127 1259 201 1335 sala,
217 1260 299 1343 quasi
316 1281 416 1325 rursus
430 1259 595 1360 incipiens:
621 1256 799 1332 Quoniam'
793 1258 873 1320 initia
896 1272 927 1334 et
947 1258 1062 1320 semina
1079 1277 1131 1320 ve

128 1346 199 1409 teris
215 1346 394 1430 eloquentie
410 1343 481 1431 satis
496 1344 719 1412 demonstrasse
737 1345 864 1422 videor,
869 1331 1007 1407 docendo
1023 1345 1131 1430 quibus

127 1431 240 1496 artibus
252 1434 364 1518 antiqui
379 1448 512 1497 oratores
524 1430 634 1498 institui
651 1432 820 1516 erudirique
835 1431 911 1494 soliti
927 1431 1004 1508 sint;
1029 1453 1131 1514 perse·

121 1540 213 1604 quar
224 1541 305 1584 nunc
321 1521 549 1621 exercitationes
565 1541 680 1582 eorum.
726 1517 939 1602 Quanquam
932 1517 1003 1601 ipsis
1019 1519 1130 1580 artibus

127 1605 206 1670 inest
218 1608 405 1683 exercitatio,
418 1628 475 1668 nec
488 1607 644 1704 quisquam
661 1605 816 1687 percipere
832 1619 875 1672 tot
890 1604 1069 1679 reconditae,
1079 1616 1132 1666 aut

127 1707 191 1755 tam
208 1693 314 1768 varias,
337 1713 384 1754 res
401 1703 516 1776 potest,
532 1691 587 1754 nisi
611 1705 644 1752 ut
667 1691 797 1753 scientiae
813 1691 994 1768 meditatio,
1004 1649 1132 1752 medita-

127 1777 200 1840 tioni
223 1775 358 1852 facultas,
385 1775 518 1840 facultati
546 1777 588 1839 vis
612 1777 791 1861 eloquentia
818 1777 963 1840 accedat:
996 1798 1130 1874 perque

126 1862 283 1946 colligitur,
310 1862 438 1925 eandem
455 1885 522 1926 esse
538 1863 685 1930 rationem
702 1878 736 1926 et
754 1864 951 1948 percipiendi,
972 1885 1037 1948 quae
1062 1871 1131 1946 pro·

126 1947 216 2026 feras,
228 1963 258 2010 et
274 1949 455 2032 proferendi,
465 1969 529 2038 quae
544 1950 725 2035 perceperis·
771 1950 879 2026 Sed,sr
894 1971 942 2012 cur
935 1949 1130 2012 obscuriora

127 2035 192 2098 hac
213 2035 394 2112 videntur,
387 2057 472 2120 isque
487 2037 643 2101 scientiam
660 2037 697 2099 ab
713 2031 927 2100 exercitatione
942 2051 1075 2136 separat,
1099 2035 1130 2100 id

125 2120 209 2186 certe
225 2121 384 2200 concedet,
408 2123 586 2186 instructum
602 2138 633 2186 et
641 2124 771 2224 plenum
795 2123 841 2185 his
868 2124 984 2186 artibus
996 2124 1129 2194 animum

125 2207 216 2290 longe
229 2209 408 2293 paratiorem
425 2209 463 2271 ad
479 2232 531 2274 eas
547 2211 778 2280 exercitationes
795 2223 965 2286 venturum,
982 2229 1046 2294 quae
1062 2231 1130 2294 pro·

126 2295 197 2382 priae
212 2316 289 2357 eurae
301 2310 451 2357 oratorum
469 2296 663 2359 videntur.·

170 2379 330 2446 XXXIV.
355 2379 439 2463 Ergo
466 2382 545 2466 apud
572 2381 706 2467 majores
717 2394 834 2444 nostros
854 2381 975 2467 juvenis
992 2346 1052 2458 ille,
1077 2381 1133 2466 qui

126 2465 191 2531 soro
206 2482 238 2532 et
250 2468 430 2552 eloquentiae
445 2468 615 2552 parabatur,
631 2467 786 2532 imbutus
772 2489 836 2554 Jam
854 2467 1026 2532 domestici
1041 2468 1130 2530 disci·

125 2552 218 2639 plina,
236 2553 361 2620 refertus
378 2555 510 2618 honestis
522 2555 640 2633 studiis,
664 2555 870 2620 deducebatur
892 2577 909 2618 a
932 2571 1025 2640 patre,
1040 2554 1089 2616 rel
1112 2575 1130 2617 a

126 2641 312 2730 propinquis,
328 2641 366 2705 ad
382 2664 451 2708 eum
468 2655 627 2742 oratorem,
644 2642 693 2726 qui
709 2643 893 2744 principem
899 2643 927 2706 in
951 2642 1070 2706 civitate
1086 2640 1131 2704 ιο-

124 2748 197 2792 cum
213 2730 386 2792 obtinebat.
411 2730 491 2790 hunc
506 2728 625 2806 sectari,
652 2729 733 2792 hune
754 2730 906 2829 prosequi,
931 2728 1018 2829 hujus
1033 2729 1130 2792 omni-

124 2812 183 2878 bus
197 2814 399 2878 dictionibus'
392 2829 544 2890 interesse,
571 2815 633 2878 sive
654 2815 683 2877 in
706 2817 876 2900 judiciis,
853 2837 917 2878 sive
933 2816 962 2878 in
978 2815 1130 2879 concioni·

124 2898 200 2999 bus,
204 2899 445 2998 assuescebat,
437 2919 477 2964 tta
501 2914 533 2965 ut
559 2901 767 2964 altercationes
791 2923 911 3001 quoqpe
938 2903 1082 2984 excipere
1098 2913 1130 2965 et

121 2983 227 3069 jurgiis
243 2985 397 3063 interesse,
407 3000 500 3072 utque
516 2988 559 3050 sic
575 2987 713 3064 dixerim,
725 3009 859 3071 pugnare
871 2987 900 3051 in
917 2988 1017 3072 praelio
1032 2985 1129 3050 disce-

124 3085 189 3134 ret:
214 3093 340 3153 magnus
355 3094 396 3136 ex
411 3073 469 3136 hoc
486 3096 566 3151 usus,
583 3075 710 3136 multum
727 3075 909 3140 constantie.
957 3073 1128 3137 Plurimum

119 3156 224 3244 judieii
236 3157 422 3259 juvenibus·
409 3160 508 3224 statim
520 3161 747 3242 contingebat‚'
740 3183 769 3222 ιιι
782 3159 883 3223 medii
898 3161 966 3226 luce
982 3159 1129 3222 studenti·

125 3245 191 3321 bus,
218 3259 307 3329 atque
324 3246 400 3309 inter
415 3246 479 3328 ipsa
495 3247 675 3324 discrimina,
700 3246 749 3310 ubi
776 3267 867 3310 nemo
889 3245 1012 3330 impune
1036 3244 1126 3308 stulte

123 3330 303 3416 aliquidaut
325 3331 472 3395 contrarie
496 3333 577 3408 dicit,
606 3332 666 3417 qud
682 3332 779 3395 minias
802 3347 833 3395 et
846 3332 944 3417 judex
959 3344 1081 3415 respuat
1096 3345 1128 3394 et

123 3414 310 3522 adversarius
333 3419 525 3518 exprobat,
518 3419 584 3503 rpsi
597 3419 727 3503 denique
754 3418 891 3481 advocati
918 3432 1126 3500 aspernentur.

117 3501 216 3584 igitur
233 3502 304 3566 teria
318 3506 418 3567 statim
445 3519 476 3567 et
499 3505 672 3588 incorrupta
696 3503 868 3590 eloquentiai
895 3505 1125 3568 imbuebantur.

121 3605 331 3674 etquanquam
348 3612 441 3654 unum
454 3607 660 3676 sequerentur,
673 3605 774 3654 tamen
791 3611 897 3654 ornnes
907 3589 1042 3675 ejusdem
1056 3606 1126 3654 aeta·

121 3673 158 3736 tis
174 3688 314 3758 patronos
338 3677 367 3740 in
394 3677 528 3776 plurimis
544 3692 575 3740 et
589 3677 687 3741 causis
704 3692 734 3740 ct
745 3677 866 3762 judiciis
879 3679 1124 3760 cognoscebant:

120 3759 357 3865 habebantque
350 3765 442 3847 ipsius
458 3764 560 3849 populi
576 3762 842 3828 diversissimarum
859 3765 974 3828 aurium
994 3765 1124 3848 copiam,

116 3867 161 3914 ax
177 3868 237 3938 que
222 3845 339 3916 facile
358 3851 632 3939 deprehenderent,
648 3850 764 3940 quidm
781 3873 902 3939 quoque
919 3852 966 3916 vel
983 3852 1123 3938 probare*
