2516 4250
114 215 159 279 64
421 210 462 278 C.
479 209 589 280 Coarr.
604 210 729 278 Tsorrr
907 212 958 298 [Α.
975 207 1018 278 U.
1035 213 1114 279 822,

115 397 224 460 aggere
249 375 303 439 viae
325 375 437 440 collato
466 377 559 458 gradu
585 377 759 460 corporibus
786 389 818 440 et
848 377 1026 441 umbonibus
1052 378 1120 455 niti,

115 466 227 528 omisso
244 464 372 546 pilorum
384 461 480 548 jactu,
496 464 601 545 gladiis
617 479 647 526 ct
663 463 817 526 securibus
832 465 936 544 galeas
950 467 1118 550 loricasque

114 571 327 635 perrumpere:
352 567 512 612 noscentes
525 551 602 612 inter
616 571 661 626 se,
672 550 781 613 ceteris
795 552 963 634 conspicui,
977 553 1006 614 in
1023 571 1117 614 aven·

9 715 10 718 Ἴ
114 654 180 700 tum
192 639 281 700 totius
297 636 366 701 belli
382 637 550 698 certabant.

158 721 233 786 XLI
242 722 279 784 ll.
304 719 396 786 Forte
413 723 489 785 inter
501 722 619 785 Padum
631 724 782 806 viamque,
794 723 905 806 patenti
917 743 1038 806 campo,
1050 723 1119 786 duae

114 810 247 893 legiones
269 831 437 890 congressae
459 824 549 872 suot:
574 831 627 894 pro
648 807 772 872 Vitellio
798 809 1046 887 unoetvicesimo,
1068 811 1122 873 cui

113 918 283 977 cognomen
299 895 435 980 Rapaci,
451 912 553 958 vetera
566 894 660 979 gloriis
676 897 818 978 insignis:
842 912 956 979 eparte
972 895 1118 974 Othonis,

114 983 209 1067 prima
229 982 381 1066 Adjutrix,
405 1005 464 1045 non
489 981 558 1045 autb
582 985 611 1044 in
635 983 733 1045 aciem
755 982 898 1058 deducta,
913 983 967 1044 sed
984 982 1070 1045 ferox
1086 999 1117 1046 et

113 1071 183 1132 novi
208 1069 324 1131 decoris
346 1069 445 1132 avida.
492 1068 637 1146 Primani,
652 1070 749 1133 stratis
771 1070 1117 1132 unaetmcesimanorum

113 1155 279 1238 principiis,
295 1156 426 1240 aquilam
442 1155 612 1218 abstulere:
636 1173 696 1240 quo
711 1156 815 1218 dolore
831 1177 959 1218 accensa
974 1157 1069 1238 legio,
1085 1169 1118 1218 et

114 1241 233 1324 impulit
248 1263 348 1304 rursus
371 1243 533 1324 primanos,
550 1241 708 1304 interiecto
723 1241 874 1326 Orphidio
890 1241 1030 1323 Benigno
1053 1242 1118 1306 Le-

112 1345 193 1412 garo,
218 1343 248 1390 et
272 1329 397 1412 plurima
417 1327 501 1410 signa
521 1330 693 1414 vexillaque
716 1350 757 1392 ex
780 1329 913 1391 hostibus
933 1331 1041 1412 rapuit.
1087 1331 1118 1392 A

113 1429 198 1498 parte
215 1414 283 1490 aliti,
298 1415 442 1498 propulsa
449 1417 659 1500 quintanorum
673 1417 788 1498 impetu
799 1415 1004 1479 tertiadecima
1017 1416 1119 1497 legioz

111 1501 308 1564 circumventi
325 1502 588 1586 pluriumaocursu
599 1503 865 1586 quartadecimani.
912 1501 1117 1579 Et,Ducibus

112 1586 245 1650 Othonis
263 1587 327 1674 jam
351 1589 467 1674 pridem
493 1589 634 1672 prologis,
651 1587 776 1652 Caecina
791 1611 827 1652 ac
844 1586 959 1652 Valens
979 1589 1120 1652 subsidiis

111 1695 181 1738 suos
194 1676 361 1738 firmabant.
407 1676 547 1740 Accessit
559 1697 665 1740 recens
677 1676 835 1752 auxilium,
844 1673 944 1737 Varus
957 1676 1117 1759 Alphenos

111 1782 181 1825 cum
198 1761 333 1839 Batavis,
350 1761 415 1825 lusis
430 1763 626 1845 gladiatorum
644 1783 745 1838 manu,
761 1783 863 1846 quam,
879 1763 1005 1825 navibus
1020 1776 1116 1824 trans·

112 1863 246 1924 vectam,
260 1849 410 1932 oppositas
425 1851 566 1913 cohortes
589 1851 624 1912 in¹
643 1851 710 1932 ipso
724 1847 849 1911 bomine
871 1849 1120 1912 trucidaverant:

111 1933 154 1997 ite
168 1937 298 1996 victores
309 1935 385 1997 latus
402 1936 535 1998 hostiurn
545 1936 668 1998 invecti.

122 2055 123 2058 κ
154 2017 276 2082 XLlV.
301 2019 354 2096 Et,
371 2021 472 2082 mediis
487 2023 552 2083 acie
568 2017 722 2105 perruptis,
738 2017 842 2099 sagire
860 2021 970 2101 passim
983 2019 1117 2082 Othoni·

51 2163 54 2165 ,
110 2105 170 2181 ani,
199 2105 383 2168 Bedriacum
411 2121 561 2189 petentes.
607 2103 794 2166 Immensum
824 2104 853 2165 id
880 2104 1029 2185 spatium:
1059 2105 1116 2166 cb-

109 2205 229 2254 structae
244 2207 343 2272 strage
357 2213 520 2274 corporum
536 2192 609 2266 viae3
633 2211 693 2274 quo
720 2190 787 2272 plus
809 2188 900 2251 caedis
915 2187 991 2250 luit:
1013 2207 1116 2274 neque

110 2279 205 2354 anim,
218 2278 356 2340 civilibus
371 2277 468 2354 bellis,
490 2278 571 2360 capti
599 2277 627 2338 in
647 2274 775 2358 praedam
792 2289 959 2336 vertuntur.
1005 2273 1118 2339 Sueto-

9 2439 11 2444 ,
109 2364 177 2426 nius
193 2363 338 2426 Paulinus
361 2378 392 2426 et
408 2363 542 2426 Licinius
558 2363 706 2424 Proculus
722 2360 846 2423 diversis
862 2361 1026 2438 itineribus,
1048 2383 1116 2425 cas-

108 2463 154 2513 tra
171 2449 314 2512 vitavere.
355 2447 489 2511 Vedium
507 2449 661 2532 Aquilam,
674 2447 895 2510 tertiadecima
909 2447 1034 2530 legionis
1050 2447 1114 2511 Le·

109 2550 223 2619 getam,
239 2537 291 2598 irae
305 2535 431 2598 militum
448 2535 633 2597 inconsultus
649 2555 742 2618 pavor
753 2535 880 2598 obtulit:
903 2535 999 2597 multo
1014 2535 1115 2598 adhuc

110 2623 159 2685 die
176 2623 286 2684 vallum
303 2623 464 2704 ingressus,
479 2622 611 2685 clamore
623 2621 832 2684 seditiosorum
848 2636 879 2684 et
895 2621 1046 2704 fugacium
1057 2622 1115 2684 cir-

109 2710 340 2793 cumstrepitur:
363 2729 421 2770 non
440 2709 563 2792 probris,
581 2731 639 2771 noo
653 2709 791 2772 manibus
801 2709 969 2772 abstinent:
994 2708 1117 2770 ‘deser-

109 2809 205 2858 torem
233 2795 486 2882 proditoremque’
517 2797 695 2879 increpant:
729 2795 813 2858 nullo
839 2795 960 2879 proprio
988 2793 1115 2857 erimine

110 2881 186 2968 ejus,
212 2884 266 2945 sed
291 2903 375 2944 more
393 2884 485 2966 volgi,
507 2904 594 2945 suum
612 2885 738 2968 quisque
755 2881 899 2965 flagitium
927 2881 991 2943 aliis
1013 2879 1115 2964 objec-

109 2982 217 3032 tantes.
263 2968 420 3032 Titianum
435 2985 466 3032 et
481 2968 608 3032 Celsum
625 2991 686 3032 nox
705 2969 794 3054 juvit,
818 2967 968 3052 dispositis
978 2967 1042 3051 jam
1059 2987 1115 3028 ex·

109 3055 215 3131 cubile,
231 3057 472 3141 compressisque
496 3057 649 3133 militibus,
668 3077 745 3140 quos
760 3056 879 3118 Annius
895 3053 1001 3116 Gallus
1019 3053 1114 3135 preci·

110 3141 176 3218 bus,
203 3143 339 3220 consilio,
363 3145 539 3206 auctoritate
556 3143 696 3219 flexerat,
722 3149 780 3205 ‘ne
803 3163 895 3224 super
919 3141 1038 3202 cladem
1062 3139 1115 3202 ad·

110 3247 206 3292 versae
220 3251 327 3314 pugoae
341 3231 465 3294 suismet
478 3231 532 3314 ipsi
547 3231 678 3292 caedibus
693 3230 849 3292 saevirent:
872 3228 936 3290 sive
952 3225 1023 3305 finis
1034 3225 1117 3289 bello

108 3317 251 3393 venisset,
274 3337 327 3378 seu
344 3337 497 3379 resumere
512 3337 596 3379 arma
611 3317 744 3392 mallent,
760 3315 883 3378 unicum
900 3314 985 3376 victis
1001 3315 1029 3375 io
1041 3333 1115 3376 con·

107 3422 197 3465 sensu
214 3402 444 3466 levamentum.²
479 3403 597 3466 Ceteris
614 3402 724 3466 fractus
740 3403 867 3465 animus.
914 3399 1114 3463 Praetoriaous

108 3489 206 3564 miles,
229 3495 309 3551 ‘non
327 3491 435 3552 virtute
458 3509 502 3567 se,
528 3489 589 3552 ssd·
606 3491 775 3574 proditione
799 3486 933 3564 victum,'
955 3485 1113 3550 fremebat.

110 3573 180 3637 ‘Ne
195 3573 367 3639 Vitellianis
382 3575 504 3662 quidem
521 3576 707 3639 incruentam
725 3575 815 3638 luisse
832 3573 998 3650 victoriam,
1026 3572 1114 3653 pulso

107 3662 223 3763 equite,
244 3662 329 3748 raptis
343 3663 469 3743 legionis
491 3660 609 3748 aquilia:
640 3681 798 3747 superesse
820 3683 890 3725 cum
906 3661 973 3744 ipso
987 3659 1114 3722 Othone

9 3775 10 3778 ¹
109 3749 237 3813 militum
250 3749 330 3836 quod
343 3763 423 3814 mans
435 3748 555 3814 Padum
565 3749 671 3837 berit:
692 3749 794 3813 venue
806 3747 950 3820 Moesicas
961 3747 1117 3832 legiones:
