2556 4446
356 397 689 466 uorns.-anoa1na’s
713 415 942 462 surannunur.
1084 389 1147 452 307

152 565 258 616 conabar
274 571 405 624 excutere,
416 567 459 614 sed
476 565 609 630 potioribus
626 562 805 626 proeierrl'ncn
822 561 942 615 sinebam,
962 569 1023 619 quos
1039 555 1081 602 ille
1098 565 1148 600 nan

152 651 278 698 destiterat
287 651 421 706 lacessere,
433 663 501 706 cum,
512 649 604 696 dlversl
615 648 660 695 sibl
672 645 785 694 conscius
797 643 905 708 generis,
918 642 1018 703 placere
1030 653 1056 686 se
1068 637 1093 684 ln
1111 636 1146 682 di-

151 733 230 780 cendo
247 745 316 792 posse
328 732 357 778 ils
369 732 459 792 quibus
475 731 511 780 illl
530 731 668 792 placerent,
684 727 814 776 diffideret.
848 725 972 772 Amabant
988 725 1070 770 autern
1088 732 1147 766 eum

151 814 239 878 magis,
248 827 322 874 quam
334 813 509 872 imitabantur;
527 819 622 860 tanturn
638 812 668 859 ab
680 809 722 858 illc
733 807 886 864 defluebant,
897 811 1018 868 quantum
1031 803 1073 850 ille
1086 799 1147 848 anti·

150 893 206 956 quis
217 895 386 944 descenderat.
420 895 495 944 Feret
505 895 573 944 enim
591 895 734 956 optandum,
754 905 835 954 pares,
847 894 890 937 aut
908 889 996 936 saltem
1016 885 1148 949 proximos,

150 975 187 1026 illi
198 977 251 1026 viro
263 976 327 1026 lieri.
350 977 397 1026 Sed
410 977 524 1041 placebat
533 983 634 1040 propter
644 977 695 1024 sola
704 976 778 1034 vitla3
791 979 816 1022 et
828 974 856 1020 ad
865 987 894 1020 ea
903 985 930 1020 se
939 971 1046 1033 quisque
1057 967 1148 1029 dirige·

149 1059 192 1108 bat
203 1059 353 1122 effingenda,
365 1075 420 1122 quse
431 1067 540 1123 poterat3
558 1061 647 1108 deinde
657 1073 715 1106 cum
727 1073 753 1105 se
761 1057 869 1120 jactaret
875 1057 962 1104 eodem
975 1053 1045 1100 modo
1053 1051 1148 1106 dlcere,

151 1140 273 1191 Senecam
282 1141 422 1191 infamabat.
446 1141 559 1206 Cujuset
568 1143 651 1190 multae
662 1141 771 1202 alioquin
780 1145 909 1204 etmagne
920 1139 1024 1186 virtutes
1033 1133 1147 1191 iueruut3

149 1225 279 1290 ingenium
291 1223 397 1274 iacileet
408 1227 543 1288 copiosum,
552 1226 687 1288 plurimum
695 1224 779 1280 studii,
788 1225 923 1272 multarum
933 1233 1017 1267 rerum
1026 1217 1147 1282 cognitio;

149 1307 175 1354 in
185 1321 235 1369 qua
246 1312 329 1356 tamen
341 1307 472 1370 aliquando
483 1309 513 1356 ab
525 1309 563 1365 iis,
574 1307 666 1370 qulbus
677 1305 825 1369 inquirenda
833 1305 945 1367 quedam
956 1301 1094 1356 mandabat,
1105 1299 1148 1346 de·

149 1394 237 1450 ceptus
246 1394 291 1459 est
323 1389 450 1438 Tractavit
460 1391 535 1440 etiam
547 1403 646 1439 omnem
659 1389 711 1438 iere
723 1389 861 1438 studiorum
872 1386 1009 1435 materiam.
1043 1381 1111 1430 Nam
1123 1384 1149 1427 et

148 1472 270 1540 crationes
282 1471 345 1534 ejus,
357 1477 382 1522 et
393 1480 514 1535 poemata,
526 1479 552 1522 et
563 1473 680 1538 epistolae,
697 1477 723 1520 et
734 1471 825 1533 dialogi
843 1469 966 1519 seruntur.
1000 1467 1031 1514 ln
1042 1465 1147 1528 pbiloso-

148 1553 207 1616 phia
218 1570 306 1618 parum
317 1557 432 1620 diligens,
450 1557 569 1620 egregius
591 1561 674 1601 tamen
686 1553 802 1600 vitiorum
819 1552 952 1596 insectator
968 1549 1022 1596 suit.
1055 1549 1146 1595 Multae

147 1637 174 1686 in
185 1653 215 1686 ec
227 1639 350 1699 claraeque
368 1638 508 1692 sententiae,
520 1635 599 1682 multa
615 1637 690 1682 etiarn
706 1647 803 1680 morum
820 1631 899 1694 gratia
918 1631 1042 1694 legenda;
1058 1630 1102 1677 sed
1122 1630 1147 1677 ln

147 1720 286 1782 eloquendo
297 1723 413 1779 corrupta
432 1713 561 1780 pleraque,
573 1721 647 1778 atque
660 1730 690 1764 ec
707 1713 922 1777 perniciosissima,
939 1713 1004 1775 quod
1021 1713 1148 1761 abundant

147 1799 263 1849 dulcibus
275 1801 348 1848 villis.
382 1799 470 1848 Velles
489 1813 547 1848 eum
559 1813 604 1848 suc
623 1799 724 1863 ingenie
734 1798 835 1855 dixisse,
855 1795 1044 1860 alienojudicic.
1078 1795 1147 1844 Nam

148 1883 169 1932 si
181 1884 263 1946 aliqua
282 1883 462 1940 contemsisset,
473 1884 493 1931 si
505 1897 592 1946 parum
604 1883 771 1944 concupisset,
783 1881 803 1928 si
812 1895 864 1930 non
875 1879 956 1928 emula
967 1895 1012 1928 sua
1032 1885 1147 1936 amasset,

147 1967 168 2014 si
178 1981 263 2015 rerum
272 1967 380 2030 pondera
393 1967 563 2015 minutissimis
574 1966 703 2014 sententiis
719 1979 768 2012 ncn
779 1963 895 2028 fregisset
905 1981 912 2024 3
933 1977 1054 2013 consensu
1067 1964 1147 2026 potius

147 2050 393 2113 eruditorumquam
401 2063 536 2113 puerorum
544 2064 626 2098 amore
636 2049 845 2110 comprobaretur.
879 2046 986 2105 Verum,
998 2048 1036 2098 sic
1047 2061 1146 2110 quoque

143 2125 196 2194 jam
208 2133 323 2191 robustis,
334 2139 360 2182 et
371 2134 497 2182 severiore
510 2147 604 2198 genere
621 2133 679 2182 satis
695 2131 798 2180 firmatis
810 2132 941 2196 legendus,
952 2132 994 2180 vel
1005 2133 1070 2190 ideo,
1082 2131 1147 2192 quod

147 2230 269 2265 exercere
286 2221 365 2278 potest
382 2217 507 2279 utrimque
520 2215 653 2280 judicium.
687 2215 771 2264 Multa
782 2218 859 2272 enlm,
870 2219 898 2263 ut
909 2213 970 2270 dlxi,
985 2214 1109 2274 probanda
1120 2213 1146 2258 in

147 2313 186 2354 ec,
198 2299 276 2346 multa
287 2301 362 2352 etiam
382 2300 523 2346 admiranda
539 2305 612 2357 sunt3
630 2299 724 2360 eligere
737 2299 807 2344 modo
829 2312 895 2343 curae
915 2297 955 2352 sit,
967 2296 1033 2355 quud
1051 2295 1145 2342 utinam

146 2380 199 2442 ipse
218 2379 325 2428 lecisset.
359 2379 444 2444 Digna
460 2381 526 2428 enim
543 2379 590 2428 suit
605 2381 648 2428 illa
667 2387 765 2438 natura,
786 2393 842 2442 quaa
861 2379 964 2428 meliora
975 2377 1061 2435 vellet,
1079 2391 1144 2438 quar,

147 2463 211 2524 quod
224 2461 311 2519 voluit,
323 2461 433 2510 effecit.”
467 2461 523 2509 Lib.
537 2461 571 2510 X.
584 2463 650 2510 Sect.
664 2463 685 2512 I.

180 2543 247 2592 Sect.
259 2541 306 2590 Vl.
324 2543 404 2592 Noua
414 2543 465 2592 laec
477 2543 602 2594 orationis
613 2545 718 2608 speeies]
737 2544 775 2592 Ita
786 2545 880 2607 placuit
891 2544 994 2592 Senecae
1004 2541 1145 2607 ingenium,

82 2643 85 2647 ·
147 2630 176 2673 nt
186 2631 270 2690 postea
282 2626 298 2673 ii
310 2626 356 2690 ipsi
369 2627 413 2690 qui
425 2625 573 2678 Ciceronem
585 2630 725 2685 laudabant,
735 2632 761 2675 et
773 2628 919 2690 eloquentie
932 2627 1030 2675 laudem
1044 2625 1143 2676 affecta·

146 2709 215 2770 bant,
227 2710 252 2758 in
264 2710 367 2761 Senecas
379 2711 540 2761 imitationem
548 2727 648 2774 semper
659 2712 809 2768 reciderent,
820 2711 924 2774 ejusque
937 2709 1052 2760 flosculos
1064 2718 1143 2760 secta·

145 2799 241 2842 rentur.
275 2793 333 2842 Nec
345 2809 466 2854 unquam,
476 2795 536 2841 dum
548 2794 630 2840 adhuc
647 2796 714 2841 stetit
733 2793 875 2842 Romanum
893 2797 1036 2857 imperium,
1053 2795 1145 2844 revixit

146 2874 298 2933 eloquentia.

178 2954 245 3002 Sect.
259 2953 320 3000 Vll.
337 2953 407 3018 Ejus
419 2953 550 3016 filiorum]
591 2953 642 3004 Titi
658 2960 684 3004 et
701 2955 842 3005 Domitiani.
876 2947 990 3018 Uterque
1013 2957 1141 3008 literarum

146 3034 233 3086 studiis
244 3036 368 3084 inclaruit.
687 3046 690 3052 “

178 3119 245 3168 Sect.
257 3115 280 3165 8.
298 3115 470 3181 Laudiceam]
505 3119 609 3168 Plinius.
642 3127 658 3150 ‘¹
668 3121 728 3168 Inde
734 3119 786 3183 jam
803 3135 853 3168 non
864 3122 985 3171 inurbane
997 3121 1141 3192 σοφοκλεῖς

145 3205 284 3250 vocantur:
302 3201 388 3250 iisdem
401 3201 517 3250 Latinum
535 3217 626 3252 nomen
642 3203 783 3266 impositum
799 3209 838 3252 est
854 3203 1001 3253 laodiceni.-
1019 3209 1043 3250 et
1060 3208 1143 3248 tamen

146 3285 273 3334 crescitin
284 3287 336 3334 dies
345 3285 438 3334 loedltas
447 3290 552 3348 utraque
562 3287 649 3351 lingua
660 3285 769 3336 notata.”
802 3287 873 3334 Inter
881 3286 1070 3334 acclamationes
1079 3298 1141 3346 prae·

146 3368 286 3431 cipuaerat
298 3362 396 3442 σοφῶς,
430 3368 492 3417 Inde
504 3369 637 3427 Martialis,
649 3369 800 3432 Epigramm.
814 3369 835 3426 1,
847 3370 889 3416 50:

336 3527 469 3578 Mereatur
480 3529 543 3578 allus
554 3531 647 3594 grande
659 3534 685 3580 et
694 3529 809 3578 insanum
821 3529 925 3592 sophos:

144 3670 254 3731 ideoque
265 3670 414 3718 dicebantur
425 3671 578 3740 σοφοκλεῖς.

175 3751 242 3800 Sect.
255 3752 303 3800 IX.
322 3751 405 3800 Haud
420 3751 500 3800 miror
518 3753 652 3814 Mate-me]
688 3751 834 3801 Maternum
853 3751 949 3816 dialogo
966 3749 1043 3802 t'ruern
1063 3752 1139 3812 impu·
1214 3818 1215 3823 1

142 3835 221 3901 suisse
233 3834 318 3883 videre
331 3840 370 3884 eat
380 3840 428 3894 est,
440 3849 473 3884 ex
484 3835 514 3884 ils
525 3850 582 3898 quae
594 3841 741 3898 sequuntur.

1256 1773 1259 1840 t
