2516 4250
30 181 33 186 Δ
120 195 164 260 Α.
181 193 223 259 C.
239 195 307 278 69.]
398 191 539 258 Hrsron.
564 192 638 258 Lra.
664 193 857 258 Sacnuous.
1090 197 1132 258 55

174 358 287 424 XXll.
312 357 376 422 Vix
388 358 459 422 dum
471 373 537 422 orto
549 357 608 434 die,
621 358 709 442 plena
723 355 993 442 propugnatoribus
1003 359 1130 423 moenia:

125 445 278 529 fulgentes
300 447 388 508 armis
405 445 534 529 virisque
549 446 660 528 campi,
683 446 809 506 densum
834 445 986 526 legionum
1011 467 1131 528 agmen,

126 549 231 618 sparsa
247 533 425 595 auxiliorum
441 553 558 607 manus,
574 532 676 595 altiora
693 553 843 593 murorum
860 531 974 611 sagittis
986 547 1037 594 aut
1052 533 1133 598 saxis

127 621 298 684 incessere:
323 619 461 700 neglecta
476 631 527 681 aut
542 639 609 682 aevo
625 617 709 680 fluxa
724 618 860 680 cominus
884 618 1024 698 aggredi:
1048 619 1133 701 iuge·

127 719 198 770 runt
213 705 342 788 desuper
354 703 520 768 Othoniani
536 705 606 788 pila,
619 704 725 766 librato
742 700 836 784 magis
852 717 883 766 et
897 719 981 766 certo
997 705 1069 781 ictu,
1082 705 1134 768 ad·

128 791 235 856 vereris
248 791 361 854 temere
374 791 537 854 subeuntes
548 791 688 854 cohortes
701 790 933 867 Germanorum,
945 805 1035 854 cautu
1048 793 1134 870 truci,

128 893 162 942 et
177 900 260 941 more
277 879 372 961 patric
387 877 474 939 nudis
496 877 682 960 corporibus,
698 899 789 960 super
805 879 946 940 humeros
961 892 1045 942 scuta
1062 901 1136 964 qua·

128 965 280 1028 tientium.
327 963 535 1045 Legionarius,
552 964 663 1049 pluteis
688 979 718 1026 et
742 965 872 1027 cratibus
895 978 1002 1040 tectus,
1020 966 1135 1029 subruit

129 1047 242 1128 muros,
253 1051 369 1114 iustruit
384 1071 537 1132 aggerem,
548 1051 668 1114 molitur
686 1067 794 1134 portas.
833 1049 950 1114 Contrri
962 1050 1136 1116 Pretoriani

131 1137 293 1221 dispositos
309 1136 391 1198 adid
408 1135 650 1221 ipsummolares
672 1137 785 1219 ingenti
811 1137 943 1220 pondere
967 1158 1002 1201 ac
1019 1137 1134 1221 fragore

132 1223 334 1308 provolvunt:
359 1243 426 1304 pars
441 1221 632 1286 subeubtium
648 1223 765 1299 obruti;
797 1245 864 1306 pars
886 1224 996 1288 confixi
1024 1239 1055 1288 et
1081 1247 1136 1288 ex·

131 1330 272 1391 sangues,
288 1323 340 1370 aut
355 1308 457 1386 laceri,
477 1308 547 1372 clam
564 1325 688 1390 augeret
703 1326 832 1391 stragem
850 1311 1021 1392 trepidatio,
1037 1309 1135 1396 ebque

131 1394 227 1460 acrius
243 1417 261 1458 e
278 1395 427 1458 moenibus
443 1395 680 1471 vulnerarentur,
707 1395 834 1471 rediere,
858 1395 983 1458 infractis
1008 1399 1136 1481 partium

132 1481 224 1546 fami.
268 1480 312 1544 Et
328 1479 462 1558 Caeciua,
486 1481 601 1565 pudore
622 1497 732 1564 coeptae
755 1480 870 1544 temere
892 1484 1136 1564 oppugnationis,

131 1589 171 1632 ne
187 1568 287 1632 irrisus
302 1589 338 1630 ac
355 1589 448 1632 vanus
463 1567 570 1632 iisdem
585 1569 689 1630 castris
712 1568 867 1641 assideret,
890 1565 1015 1651 trajecto
1037 1590 1137 1632 rursus

132 1654 231 1730 Pado,
247 1653 433 1718 Cremonam
451 1667 554 1738 petere
570 1654 708 1716 intendit.
754 1652 922 1714 Tradidbre
933 1673 1000 1714 sese
1016 1654 1137 1720 abeunti

133 1740 278 1804 Turulius
294 1739 423 1802 Cerialis
437 1761 508 1804 cum
523 1739 727 1823 compluribus
742 1739 884 1814 classicis,
907 1753 937 1801 et
955 1737 1054 1804 Julius
1069 1741 1137 1805 Bri·

134 1828 270 1910 ganticus
286 1847 355 1889 cum
380 1827 483 1910 paucis
506 1830 661 1910 equitum:
686 1826 734 1888 hic
750 1825 914 1888 Praefectus
929 1826 994 1901 alae,
1019 1827 1047 1890 in
1076 1828 1138 1898 Ba·

134 1913 211 1978 tavis
232 1913 369 1994 genitus;
399 1913 449 1976 ille
477 1911 672 1996 Primipilaris
696 1927 727 1976 et
753 1911 882 1976 Caecinae
906 1913 986 1976 haud
1013 1914 1138 1995 alienus,

136 1999 217 2086 qudd
233 2001 354 2062 ordines
366 1999 394 2062 in
412 1997 579 2062 Germanii
592 1999 731 2062 duxerat.

180 2085 305 2150 XXlll.
332 2085 493 2169 Spurinna,
508 2100 665 2170 comperto
688 2086 794 2148 itinere
817 2085 961 2164 hostium,
982 2087 1138 2154 defensam

136 2171 340 2248 Placentidm,
353 2193 480 2257 quaeque
496 2185 574 2250 acta,
590 2172 705 2256 etquid
719 2171 846 2236 Caecina
863 2188 990 2256 pararet,
1006 2175 1137 2239 Annium

137 2259 260 2324 Gallum
288 2281 342 2344 per
369 2261 469 2322 literas
497 2258 598 2322 docet.
644 2257 751 2322 Gallus
774 2259 923 2342 legionem
956 2261 1080 2342 primam
1108 2264 1138 2326 in

137 2346 283 2410 auxilium
308 2345 474 2408 Placentiae
497 2345 640 2420 ducebat,
657 2345 771 2408 diffisus
795 2347 944 2428 paucitate
960 2348 1138 2426 cohortium,

138 2453 179 2498 ne
202 2432 319 2515 longilrs
343 2432 493 2495 obsidium
518 2445 548 2494 ct
573 2432 632 2494 vim
658 2431 831 2495 Germanici
858 2431 1009 2496 exercitiis
1034 2456 1138 2518 parum

137 2519 315 2585 tolerarent:
341 2520 389 2581 uhi
407 2519 526 2603 pulsum
538 2516 692 2581 Caecinam
708 2541 832 2602 pergere
849 2517 1034 2582 Cremonam
1051 2543 1140 2584 acce·

138 2607 192 2692 pit,
208 2605 286 2689 egre
302 2607 465 2668 coercitam
481 2605 644 2688 legionem,
656 2620 686 2666 et
700 2605 849 2688 pugnandi
868 2605 973 2668 ardore
990 2629 1085 2690 usque
1101 2609 1140 2671 ad
1165 2665 1166 2670 ,

138 2693 316 2758 seditionem
349 2712 548 2775 progressam,
575 2690 717 2754 Bedriaci
748 2692 834 2754 sistit.
882 2690 962 2754 luter
984 2691 1139 2758 Veronam

139 2779 385 2862 Cremonamque
396 2779 468 2842 situs
480 2793 525 2842 est
538 2777 631 2853 vicus,
649 2777 763 2840 duabus
770 2777 833 2862 jam
848 2775 996 2840 Romanis
1006 2779 1142 2844 cladibus

139 2880 229 2930 notus
252 2864 467 2948 infaustaeque.
513 2864 625 2928 lisdem
650 2863 756 2926 diebus
771 2885 788 2926 a
806 2863 916 2926 Martio
933 2864 1039 2928 Macro
1062 2867 1140 2930 haud

142 2953 246 3038 procul
271 2951 429 3014 Cremona
459 2949 600 3034 prospere
632 2965 819 3032 pugnatum:
844 2971 973 3035 namque
1005 2969 1142 3034 promtus

141 3041 231 3103 animi
250 3037 378 3102 Martius
393 3051 580 3100 transvectos
595 3037 720 3098 navibus
736 3036 915 3116 gladiatores
937 3038 964 3099 in
982 3039 1140 3102 adversam

141 3126 221 3190 Padi
251 3125 345 3207 ripam
372 3123 494 3207 repente
525 3123 642 3186 effudit.
687 3121 822 3184 Turbata
848 3124 888 3186 ihi
914 3121 1141 3192 Vitellianorum
1232 3141 1235 3152 ‘¹

142 3211 264 3286 auxilia,
281 3225 321 3284 et,
337 3211 447 3273 ceteris
469 3208 654 3273 Cremonam
678 3207 866 3292 fugientibus,
890 3212 968 3287 caesi,
985 3211 1034 3295 qui
1058 3214 1144 3276 resti·

142 3312 248 3364 terant.
295 3297 357 3360 Sed
375 3317 531 3378 repressus
544 3295 726 3358 vincentium
743 3296 881 3379 impetus,
899 3319 936 3358 ne
949 3298 1142 3362 novissubsi·

144 3386 201 3450 diis
216 3385 333 3458 firmati,
352 3385 452 3446 hostes
474 3381 620 3446 fortunam
639 3383 729 3462 praelii
753 3397 914 3446 mutarent.
959 3383 1142 3466 Suspectum

144 3472 174 3536 id
190 3470 369 3536 Othonianis
385 3469 449 3545 fuit,
464 3469 565 3533 omnia
581 3467 704 3530 Ducum
717 3467 794 3532 facta
810 3469 902 3552 prave
918 3471 1142 3534 estimantibus.

145 3557 304 3634 Certatim,
326 3558 501 3640 utquisque
524 3555 623 3618 auimo
646 3555 779 3638 ignavus,
797 3577 909 3639 procax
928 3577 991 3630 ore,
1007 3555 1142 3620 Annium

146 3644 268 3710 Gallum
284 3658 315 3705 et
337 3642 514 3706 Suetonium
530 3641 690 3707 Paulinum
714 3657 745 3704 et
760 3641 892 3708 Marium
913 3641 1038 3706 Celsum
1057 3644 1142 3725 (nam

146 3752 199 3796 ecs
213 3729 297 3795 Otho
313 3750 433 3816 quoque
450 3725 639 3813 prefecerat)
658 3728 745 3793 variis
756 3729 929 3793 criminibus
943 3729 1142 3794 incessebant.
