2484 4316
148 210 191 276 A.
206 207 247 275 0.
263 207 333 292 69.]
424 205 569 272 Hrsron.
593 205 669 272 Lrn.
693 206 867 284 Quaeras.
893 181 896 185 ι
1089 209 1149 273 161

148 397 227 451 rum,
244 373 282 437 ab
297 372 424 438 Othone
439 372 584 436 adversus
599 371 757 436 Vitellium
779 373 897 451 missos,
922 387 991 437 ante
1014 365 1084 437 uam
1107 374 1153 438 di·

147 462 355 544 grederentur,
373 460 531 546 pepigisse,
549 466 606 522 ‘ne
634 459 776 524 deessent
795 461 934 538 libertati,
959 462 983 524 si
994 395 1154 546 (Populum

146 545 323 612 Romanum
344 548 487 611 continua
516 546 663 610 bellorum
693 547 826 611 civilium
856 547 948 611 series
978 563 1009 612 et
1035 548 1151 613 interna

147 635 228 699 mala
244 633 424 716 fregissent!
1112 663 1118 672 ·
1146 655 1149 665 ·

191 720 261 785 LV.
286 722 370 784 Ante
386 719 491 784 Flacci
513 719 680 784 Hordeonii
700 721 827 798 credero,
843 721 915 785 nihil
932 721 1073 807 prorupit,
1091 743 1150 807 quo

147 807 315 894 conjuratio
337 807 564 890 intelligeretur.
610 805 774 872 lotersecto
790 806 979 885 Hordeonio,
999 829 1153 872 commea·

146 895 219 958 vere
235 894 330 958 nuntii
353 895 430 958 inter
456 892 588 957 Civilem
616 893 861 980 Classicumque,
889 893 1071 960 Praefectum
1095 897 1149 960 alae

147 979 364 1045 Treverorum.
409 980 563 1044 Classicus
589 981 743 1044 nobilitate
767 981 934 1066 opibusque
964 996 1034 1045 ante
1065 981 1150 1045 alios.

148 1067 281 1151 Regium
297 1067 337 1130 illi
363 1087 458 1149 genus
480 1079 511 1129 et
535 1086 610 1150 paco
633 1066 775 1150 belloque
797 1067 878 1130 clara
901 1068 995 1150 origo.
1041 1067 1110 1152 Ipse
1133 1089 1151 1132 e

147 1155 309 1240 majoribus
324 1154 386 1217 suis
401 1153 494 1216 hostis
504 1152 613 1237 Populi
630 1151 763 1216 Romani
776 1155 866 1238 qubm
882 1155 992 1231 socius,
1003 1153 1149 1240 jactabat.

148 1239 301 1306 Miscudre
316 1261 384 1304 sese
404 1234 504 1303 Julius
515 1238 614 1302 Tutor
629 1253 660 1302 et
675 1238 774 1302 Julius
791 1240 938 1304 Sabinus:
964 1241 1013 1304 hic
1028 1240 1150 1321 Trevir,

148 1328 198 1392 hic
214 1327 346 1411 Lingon.
391 1325 491 1390 Tutor
506 1326 576 1410 ripae
593 1324 695 1389 Rheni
711 1347 729 1389 a
746 1325 870 1390 Vitellio
893 1326 1070 1411 prefectus:
1095 1328 1152 1393 Sa·

147 1415 246 1491 binus,
262 1435 354 1499 super
368 1413 486 1477 insitam
496 1413 670 1490 vanitatem,
687 1412 765 1475 salsae
782 1414 880 1497 stirpis
896 1413 990 1494 gloriis
1009 1415 1153 1479 incende·

147 1502 256 1566 batur:
281 1500 455 1585 ‘proaviam
478 1521 564 1562 suam
587 1497 669 1561 Divo
691 1497 785 1575 Julio,
806 1520 861 1583 per
881 1498 996 1562 Gallias
1017 1501 1152 1581 bellanti,

147 1608 274 1673 corpore
290 1602 381 1670 atque
397 1586 543 1649 adulterio
559 1585 729 1669 placuisse!
776 1583 818 1647 Hi
833 1586 956 1648 secretis
966 1587 1153 1652 sermonibus

148 1675 263 1738 animos
286 1687 455 1736 ceterorum
476 1671 622 1734 scrutari:
658 1671 719 1747 nbi,
745 1693 819 1756 quos
843 1671 967 1735 idoneos
999 1674 1151 1754 rebantur,

149 1757 337 1824 conscientiis
351 1758 550 1836 obstrinxdre,
574 1758 603 1820 in
619 1757 740 1821 colonial
755 1759 967 1842 Agrippinensi
983 1759 1012 1823 in
1029 1759 1154 1826 domum

152 1847 303 1932 privatum
325 1846 529 1924 conveniunt3
552 1865 621 1907 nem
645 1844 766 1929 publice
782 1845 886 1908 civitas
901 1845 1010 1910 talibus
1025 1847 1154 1932 inceptis

147 1931 348 1997 abhorrebat:
372 1944 505 1994 attamen
521 1930 681 1995 interfuere
698 1931 818 2016 quidam
834 1930 994 2010 Ubiorum,
1010 1933 1153 2018 Tungro-

150 2039 291 2104 rumque:
337 2017 400 2081 Sed
423 2019 550 2103 plurima
567 2019 611 2081 vis
628 2039 721 2103 penes
744 2017 897 2082 Treveros
920 2039 956 2083 ac
978 2019 1154 2104 Lingonas:

149 2127 209 2170 nec
225 2104 321 2174 tulere
345 2125 442 2168 moras
464 2105 672 2169 consultandi:
696 2105 832 2169 certatim
856 2106 1064 2190 proclamant:
1088 2108 1153 2172 ‘su-

148 2213 216 2258 rore
232 2192 387 2254 discordiis
402 2190 555 2277 Populum
579 2192 764 2268 Romanum,
781 2213 872 2256 caesas
893 2193 1038 2276 legiones,
1055 2209 1153 2259 vasta*

148 2295 211 2345 tam
234 2278 363 2355 ltaliam,
381 2279 450 2361 capi
477 2278 547 2342 crim
573 2278 705 2342 maxime
730 2279 847 2356 urbem,
869 2301 977 2343 omnes
999 2281 1152 2346 exercitus

148 2367 210 2430 suis
226 2386 378 2450 quemque
395 2365 481 2428 bellis
496 2365 643 2429 detineri:
668 2366 692 2429 si
709 2365 805 2450 Alpes
828 2367 970 2451 presidiis
985 2367 1152 2447 firmentur,

146 2452 259 2517 coalita
277 2452 425 2529 libertate,
448 2452 633 2538 dispectores
649 2449 776 2530 Gallias,
792 2474 883 2538 quem
901 2453 1006 2516 virium
1027 2475 1150 2518 suarum

149 2540 310 2604 terminum
328 2536 444 2602 velint.'

192 2623 282 2690 LVI.
309 2624 384 2688 Haec
395 2625 474 2688 dicta
491 2625 601 2708 pariter
624 2625 831 2710 probataque:
854 2625 893 2689 de
908 2626 1039 2710 reliquiis
1054 2625 1153 2691 Vitel-

148 2713 218 2776 liani
235 2711 389 2775 exercitiis
412 2711 601 2776 dubitavere.
646 2711 789 2796 Plerique
812 2713 1064 2776 ‘interficiendos’
1080 2736 1153 2778 cen·

148 2799 265 2876 sehant,
281 2797 448 2876 ‘turbidos,
461 2799 579 2876 infidos,
590 2800 734 2882 sanguine
745 2798 867 2861 Ducum
884 2799 1036 2882 pollutos!
1070 2799 1154 2864 Vicit

148 2886 224 2950 ratio
240 2886 401 2969 parcendi:
425 2891 433 2921 ‘
447 2906 497 2962 ne,
512 2885 630 2948 sublatb
645 2908 699 2970 spe
714 2885 817 2962 venie,
834 2886 1027 2969 pertinaciam
1043 2907 1153 2950 accen-

150 2973 268 3036 derent.
314 2971 501 3035 Alliciendos
525 2971 622 3056 potiris
646 2973 675 3035 in
699 2972 887 3034 societatem.
932 2970 1057 3053 Legatis
1089 2987 1154 3036 tan·

151 3059 214 3125 tbm
245 3059 396 3141 legionum
432 3055 607 3135 intersectis,
645 3073 780 3121 ceterum
812 3058 929 3141 vulgus,
967 3058 1154 3123 conscientib

150 3146 299 3211 scelerum
315 3160 346 3209 et
360 3166 415 3229 spe
431 3145 627 3228 impunitatis,
645 3144 731 3207 facile
747 3143 961 3208 accessurum!
1008 3143 1055 3208 Ea
1067 3144 1154 3230 primi
1212 3179 1213 3190 r

150 3233 265 3297 consilii
282 3231 397 3295 forma:
423 3231 565 3316 missique
589 3253 643 3316 per
665 3231 779 3294 Gallias
795 3233 963 3295 concitores
979 3232 1061 3295 belli.
1108 3233 1157 3297 Si·
1209 3243 1212 3308 i

150 3320 299 3383 mulatum
314 3319 386 3400 ipsis
401 3319 592 3403 obsequium,
609 3317 669 3402 qud
681 3319 876 3381 incautiorem
890 3317 1037 3382 Voculam
1053 3321 1156 3404 oppri-

151 3420 279 3470 merent.
325 3403 394 3468 Nec
410 3403 545 3484 deludre,
563 3406 612 3490 qui
628 3404 752 3468 Voculae
772 3407 952 3469 nuntiarent.
999 3405 1060 3468 Sed
1080 3407 1156 3471 vires

149 3493 187 3556 ad
199 3491 403 3556 coercendum
416 3492 551 3571 deerant,
561 3491 800 3576 infrequentibus
809 3492 965 3576 infidisque
975 3491 1154 3572 legionibus.

151 3580 236 3644 Inter
251 3579 407 3661 ambiguos
424 3579 533 3643 milites
548 3595 579 3643 et
598 3580 732 3643 occultos
755 3579 868 3656 hostes,
884 3580 1029 3662 optimum
1047 3599 1064 3642 e
1081 3601 1156 3663 pre·

149 3667 285 3731 sentibus
301 3680 392 3744 ratus,
408 3666 514 3730 motula
525 3665 761 3730 dissimulatione
773 3681 803 3729 et
818 3665 935 3741 iisdem,
948 3665 1055 3749 quibus
1070 3680 1156 3752 pete·

150 3755 248 3832 batur,
265 3754 377 3851 artibus
405 3753 550 3838 grassari3
586 3753 615 3816 in
635 3753 794 3905 fflmiam
819 3751 1073 3837 Agrippinensem
1100 3752 1154 3819 de·
