2556 4446
197 367 239 474 C.
265 372 374 440 Coau.
398 374 524 442 Taum
548 397 593 440 na
616 358 835 442 Osanomaus
859 375 1042 442 Dranocns.
1073 379 1139 442 237

166 531 211 610 ris,
222 533 305 596 Bruti,
317 541 403 601 Asinii,
416 541 517 590 Corvini
529 541 651 590 orationes
662 545 688 589 et
699 541 818 598 carmine,
829 545 855 590 et
866 538 990 602 precipue
1002 539 1137 604 Ciceronis,

167 609 242 662 quus
252 603 338 652 laudes
349 603 416 651 canit
427 609 454 652 et
463 605 523 654 vitia
534 604 702 667 reprehendit,
714 621 769 668 quae
779 605 829 653 sola
841 605 964 666 perversis
975 603 1138 652 imitatoribus

165 659 293 722 placeant.
327 669 366 714 23.
385 667 478 716 Veram
491 681 546 718 esse
563 669 710 730 eloquentia
728 675 816 725 artem,
836 670 992 730 antiquorum
1009 667 1134 715 taeusstma

164 737 275 790 quaeque
288 731 377 778 imitari
388 736 414 780 et
425 732 568 780 recentibus
579 732 684 780 feliciter
696 739 794 794 reperta
805 733 919 780 miscere.

15 821 23 886 q
130 793 172 844 24.
189 788 247 839 Jam
259 793 394 842 Maternus
405 794 516 843 hortatur
528 795 672 857 Messalam,
684 801 721 852 ut,
733 794 806 842 missa
818 795 958 843 laudatione
970 795 1138 856 antiquorum,

164 853 210 913 qui
221 856 266 904 itta
279 871 328 904 non
340 859 475 920 indigeant,
487 873 572 906 causas
588 867 726 920 expromat,
737 874 783 906 cur
794 860 819 906 in
831 865 927 906 tantum
939 858 969 905 ab
986 872 1072 906 eorum
1084 857 1136 904 eio-

164 921 272 976 quentid
284 923 415 970 recesserit
431 922 555 970 recentior
566 927 632 970 aetas.
665 924 704 968 25.
722 921 832 970 Messala
848 927 939 982 monet,
957 923 1057 982 quinam
1075 921 1136 967 anti·

165 981 210 1040 qui
221 985 339 1044 dicendi3
357 985 442 1046 plures
455 985 529 1034 tuisse
540 985 638 1032 dicendi
651 984 740 1032 formas
751 986 838 1032 iisdem
847 985 962 1045 saculis3
979 986 1062 1039 docet,
1078 983 1138 1044 quid

165 1048 327 1096 sentiendum
339 1049 369 1096 de
380 1048 522 1109 eloquentia
537 1047 607 1096 Calvi
617 1054 643 1096 et
654 1055 803 1108 ceterorum,
815 1049 945 1110 dequibus
957 1062 1014 1096 mox
1027 1049 1136 1106 dictum3

166 1107 244 1168 addit,
256 1110 320 1172 quod
329 1125 355 1159 se
367 1112 527 1159 obtrectarint
537 1113 656 1168 invicem,
665 1113 754 1160 uitium
765 1127 820 1160 esse
832 1125 880 1160 non
892 1118 1025 1167 oratorum,
1037 1112 1080 1158 sed
1093 1110 1137 1157 ho·

166 1171 274 1222 minum.
308 1175 347 1221 26.
365 1175 393 1222 C.
411 1174 518 1222 Gracchi
527 1175 648 1236 impetum
660 1182 685 1222 et
694 1173 723 1221 L.
734 1175 814 1222 Crassi
825 1177 990 1223 maturitatem
1003 1174 1136 1236 praeleren·

166 1233 225 1283 dam
243 1251 298 1285 esse
318 1237 463 1286 calamistris
483 1237 631 1286 Maecenatis
653 1245 696 1286 aut
717 1239 847 1286 tinnitibus
863 1237 991 1286 Gallionis.
1024 1237 1137 1285 Cassium

166 1295 293 1348 Severum
310 1315 397 1362 parum
414 1301 506 1350 habere
522 1315 566 1352 san
604 1301 660 1358 luis,
672 1307 697 1350 et
714 1303 796 1350 rixare
813 1301 902 1366 magis,
918 1299 993 1364 qulam
1015 1313 1138 1364 pugnare,

165 1372 216 1409 nec
229 1364 340 1412 attulisse
352 1366 457 1427 Aprum,
475 1379 551 1427 quem
589 1367 734 1414 iceronivel
753 1367 843 1416 Caesari
859 1369 1002 1429 opponeret.
1035 1365 1137 1412 27-29.

166 1421 276 1474 Petente
286 1427 411 1485 Materno,
419 1429 449 1476 ad
460 1429 619 1493 explicandas
630 1445 717 1478 causas
728 1431 815 1478 transit
824 1429 943 1486 Messala,
955 1443 1001 1476 cur
1018 1428 1137 1488 eloquen-

165 1487 202 1535 tia
219 1496 361 1553 ceteraque
378 1497 444 1540 artes
460 1507 474 1540 a
492 1499 580 1542 vetere
597 1493 674 1557 gloria
686 1493 847 1550 desciverint,
857 1493 974 1540 desidiam
987 1491 1138 1554 juventutis,

166 1553 348 1679 Mittit
372 1555 1137 1680 tittitttttttttamittitlaetititiae&

167 1691 227 1730 rum
242 1682 428 1740 educationem3
446 1652 510 1742 apud
528 1634 679 1728 recentiores
695 1682 723 1727 ad
740 1679 907 1728 histrionalem
920 1677 1029 1726 savorem
1041 1675 1136 1724 deflex-

167 1741 219 1791 isse
237 1749 263 1791 et
279 1745 398 1790 rhetores.
430 1743 533 1788 30-32.
550 1741 591 1790 Ex
607 1746 774 1806 ingenuarum
794 1743 883 1790 artium
903 1740 1006 1788 scientia
1025 1749 1052 1789 et
1069 1740 1137 1788 varta

167 1806 306 1853 eruditione
315 1804 455 1854 exunddsse
468 1807 593 1866 antiquam
611 1807 788 1868 eloquentiam,
806 1807 869 1868 quud
882 1805 1009 1853 Ciceronis
1020 1803 1137 1865 exemplo

166 1873 266 1928 pateat;
283 1867 541 1916 illarumcontemtum
549 1869 653 1931 primam
665 1883 719 1916 esse
732 1876 853 1932 corrupte
865 1868 1012 1930 eloquentie
1025 1881 1134 1914 causam.

166 1931 272 1978 38-35.
284 1931 463 1994 'i'umjuvenes
474 1932 679 1994 olim‚domesticd
691 1933 820 1995 disciplina
830 1933 945 1988 imbutos,
954 1931 1072 1978 deductos
1081 1945 1136 1978 esse

166 1994 199 2042 ad
209 2001 317 2044 oratores
329 1995 462 2056 principes,
472 2009 533 2056 quos
542 1997 628 2044 metati
643 2011 755 2059 pugnare
773 1999 844 2059 quasi
855 1997 880 2044 in
893 1995 976 2058 prelio
987 1995 1117 2042 didicerint
1128 2007 1135 2040 ε

166 2064 252 2170 pustelp
262 2059 288 2168 {n
300 2059 396 2106 scholas
405 2059 534 2108 rhetorum
540 2063 666 2119 transisse,
675 2061 718 2109 ubi
729 2061 791 2108 nihil
802 2061 921 2118 discatur,
929 2060 975 2107 nisi
985 2059 1051 2121 quod
1063 2073 1137 2106 usum

168 2133 219 2170 non
248 2128 327 2170 seat.

138 2182 194 2236 Hie
204 2185 312 2234 mutilus
328 2190 366 2236 est
375 2187 496 2236 Messala
506 2187 698 2252 aerme,soraaa
711 2194 737 2240 et
743 2188 824 2253 periit
834 2187 900 2238 Iulii
908 2185 1020 2237 Secundi
1026 2203 1037 2246 ;
1052 2183 1136 2246 sequi·

170 2252 216 2298 tur
231 2249 351 2298 Materni
362 2251 454 2308 oratio,
465 2251 549 2314 eapite
560 2257 662 2304 trama.
695 2255 832 2302 Mcuaam
850 2253 918 2300 hane
930 2251 1051 2312 complere
1061 2250 1136 2297 niam

169 2317 208 2362 est
224 2313 367 2362 Brotera'ue.
402 2314 474 2376 [Cap.
487 2316 508 2362 l.
526 2315 638 2364 Retectis
652 2331 733 2378 pravae
755 2317 913 2364 institutionis
932 2316 1008 2370 vitiis,
1026 2312 1136 2360 Messala

165 2375 291 2438 juvenum
302 2377 433 2434 inscitiam,
446 2377 502 2426 crim
514 2381 543 2426 ad
555 2379 731 2441 verosjudices
742 2386 846 2426 ventum
861 2383 908 2434 est,
917 2376 1035 2437 explodit,
1043 2389 1135 2436 eosque

170 2441 224 2488 sine
235 2441 287 2488 ulid
304 2442 397 2502 publici
410 2442 548 2504 privatique
559 2442 624 2505 juris
636 2443 801 2504 experientia,
816 2442 877 2489 exili
889 2437 981 2487 tantum
999 2437 1135 2501 elegantia,

169 2503 301 2568 turgiddve
313 2507 449 2568 granditate
466 2505 591 2562 ridiculos,
601 2506 757 2568 scenicisque
769 2511 948 2568 preceptorum
965 2516 1065 2550 suorum
1078 2501 1135 2549 arti·

168 2567 216 2616 bus
226 2569 358 2617 instructus
368 2571 465 2632 prodire
473 2571 586 2618 ostendit.
620 2569 656 2618 11.
669 2569 819 2618 Histriouicd
831 2569 879 2618 hac
891 2567 1042 2616 institutione
1055 2565 1135 2626 perdi·

168 2636 220 2680 tam
231 2646 285 2680 esse
297 2633 465 2696 eloquentiam
483 2635 617 2683 concludit.
650 2633 699 2682 111.
717 2633 863 2682 Maternum
879 2638 906 2680 et
922 2630 1066 2678 Secundum
1078 2629 1136 2676 hor·

169 2699 246 2753 tatur,
257 2703 285 2745 ut
296 2697 394 2746 altiores
406 2700 474 2756 alias,
491 2713 546 2760 que
563 2699 620 2755 sint,
632 2711 717 2746 causas
729 2699 847 2760 aperiant.
881 2695 928 2744 lv.
945 2693 960 2742 J
963 2694 1029 2742 nlius
1038 2693 1134 2741 Secun-

169 2761 217 2808 dus
233 2775 281 2808 non
304 2767 353 2810 tam
370 2776 446 2810 novas
465 2767 586 2823 corrupte
608 2762 756 2822 eloquentie
776 2776 863 2810 causas
879 2759 1012 2822 expromit,
1029 2755 1105 2819 quam
1121 2771 1136 2804 a

170 2821 281 2872 Messald
293 2825 377 2870 allatas
386 2825 501 2884 explicat,
511 2838 648 2886 earumque
660 2825 781 2888 originem
793 2827 951 2872 demonstrat.
985 2821 1017 2869 V.
1035 2820 1136 2870 Mutati

169 2898 260 2946 nempe
273 2885 421 2946 Republica,
434 2891 527 2933 mutata
537 2891 596 2932 sunt
607 2887 723 2948 ingenia3
741 2893 767 2934 et
784 2889 830 2934 sub
848 2885 1005 2946 Principibus
1023 2900 1071 2932 non
1084 2885 1134 2932 elo·

168 2949 281 3007 quentia,
292 2949 335 2995 sed
355 2948 449 3012 ingenii
469 2947 542 3006 lame,
559 2963 626 2996 curae
645 2949 699 2996 tuit.
734 2949 763 2996 ln
779 2950 874 2998 Annaeo
890 2947 987 2996 Senecd
1000 2963 1037 2996 coe
1055 2949 1074 2995 it
1093 2949 1136 2996 illa

169 3011 382 3122 ingeniiprnriq'o.
416 3011 463 3086 Vl.
476 3011 537 3088 hljus
548 3013 665 3088 exemplo
673 3019 699 3061 et
709 3011 809 3090 fortuni
820 3013 865 3061 luit
874 3013 990 3088 incitata3
1008 2964 1069 3058 vll.
1080 3011 1133 3086 Ne·

168 3075 1135 3202 attitiae..²⁸t‘ttt0tttttl‘t1.¹.²t.‘3⁹:tt.2ttt..¹.t..limittit

187 3201 210 3248 io
221 3200 325 3248 Licinio.
359 3201 408 3248 tx.
426 3202 527 3250 Fessam
549 3204 622 3252 tantis
641 3206 766 3266 propudiis
784 3203 951 3266 eloquentiam
974 3199 1084 3249 cessasse
1101 3201 1135 3250 ait

167 3215 252 3312 lulius
263 3265 409 3324 Secundus;
428 3265 624 3329 Maternumque
636 3269 665 3316 iis
676 3269 822 3316 deterritum
835 3267 924 3314 Musas
935 3279 990 3312 esse
1001 3271 1133 3312 sectatum.

169 3327 205 3376 X.
223 3327 326 3376 Fatetur
334 3327 466 3376 Maternus
473 3345 500 3378 se
511 3331 677 3392 irrepentibus
687 3333 712 3378 in
722 3332 801 3378 lorum
809 3331 874 3378 vitiis
884 3329 958 3376 luisse
968 3333 1133 3387 commotum3

169 3390 282 3439 trahente
295 3399 378 3440 tamen
400 3392 498 3450 naturi,
517 3394 546 3442 ad
564 3393 697 3442 Musarum
709 3401 788 3442 castra
800 3392 969 3452 transfugisse.
1003 3389 1051 3438 Xl.
1070 3391 1134 3440 Mox

168 3459 198 3502 ut
209 3460 297 3502 motam
310 3455 470 3516 questionem
482 3457 586 3514 dirimat,
598 3457 746 3518 eloquentiae
765 3457 900 3518 disertique
918 3455 1019 3518 generis
1035 3454 1134 3504 dicendi

168 3519 238 3566 uices
255 3524 330 3580 atque
352 3519 452 3580 ingenia
474 3520 609 3581 expendit:
627 3519 781 3568 Rhetoribus
800 3521 920 3582 indulget.
954 3517 1135 3574 Quintilianum

168 3579 268 3640 laudat;
286 3581 349 3628 ΧΠ.
367 3581 426 3628 Nec
437 3583 541 3630 miratur
552 3583 717 3644 eloquentiam
730 3585 840 3642 desiisse,
852 3597 907 3645 quae
920 3581 1034 3628 Ciceroni
1046 3597 1133 3644 super-

165 3648 217 3691 stes
233 3658 288 3692 esse
305 3658 354 3691 non
365 3645 452 3692 valuit.
486 3645 563 3693 xilt.
581 3646 674 3708 Neque
688 3647 832 3708 Principum
852 3645 958 3696 arbitriis
968 3651 1022 3692 erat
1036 3661 1133 3694 accom-

166 3707 270 3754 modata.
305 3707 438 3770 Nusquam
450 3709 516 3755 enim
526 3709 692 3771 eloquentiam
705 3725 769 3765 esse,
778 3711 825 3757 nisi
838 3710 880 3758 ubi
891 3710 922 3757 sit
933 3710 1040 3756 libertas.
1058 3709 1134 3758 XlV.

167 3767 229 3816 Inde
253 3775 344 3816 tantam
361 3771 508 3832 eloquentie
527 3773 577 3820 vim
594 3771 669 3820 fuisse
687 3774 712 3819 in
731 3773 921 3836 Demosthene]
968 3775 1000 3822 In
1018 3772 1062 3830 tie,
1079 3787 1133 3834 quoe

165 3837 305 3892 supersunt
316 3835 355 3880 36.
372 3834 457 3882 Tradit
470 3834 617 3884 Maternus:
635 3837 820 3898 perturbatione
840 3837 898 3884 olirn
918 3843 943 3885 et
955 3837 1065 3892 licentii,
1082 3835 1131 3882 sae·

166 3895 274 3945 tionibus
284 3911 416 3960 procerum
428 3903 454 3947 et
464 3899 567 3948 assiduis
586 3899 690 3949 senates
707 3899 824 3948 adversis
834 3901 934 3964 plebem
947 3899 1133 3956 certaminibus,
