2556 4446
553 305 740 370 Aenianes.
1085 307 1148 372 231

146 493 214 538 cem
231 471 342 535 milliar
364 483 532 536 nostrorum
548 469 675 534 trecenti
690 469 847 553 sexaginta
859 467 1018 534 cecidere:
1043 470 1152 558 inquis

145 559 245 624 Aulus
260 558 390 635 Atticus,
403 555 568 622 Praefectus
583 555 726 634 cohortis,
736 554 864 641 juvenili
880 555 985 620 ardore
997 569 1028 620 et
1040 557 1152 624 ferocia

148 645 217 731 equi
234 645 368 710 hostibus
386 645 495 708 illatus.
1117 667 1193 740 ἦ,

190 729 378 796 XXXVIII.
403 729 445 794 Et
461 752 524 794 nox
540 729 662 815 quidem
689 727 798 810 gaudio
823 727 985 814 praediaque
1005 729 1073 794 lete
1087 732 1151 796 vic·

146 820 280 884 toribus:
302 817 441 882 Britanni
457 802 601 902 palmtes,
615 816 771 900 mixtoque
785 815 914 879 virorum
931 816 1151 903 mulierumque
1271 847 1272 860 2

147 905 277 990 ploratu,
289 905 408 968 trahere
424 905 603 980 vulneratos,
615 923 723 967 vocare
736 903 877 986 integros,
889 902 1029 968 deserere
1045 904 1151 970 domos

103 1061 107 1074 ..
127 1013 184 1076 ,ac
201 993 344 1076 peritam
361 989 438 1054 ultrb
459 989 638 1054 incendere:
671 989 783 1070 eligere
800 989 928 1054 latebras
944 1005 975 1054 et
990 991 1089 1056 statim
1105 1013 1153 1056 re-

122 1077 125 1084 ’
141 1079 303 1164 linquere:
325 1078 454 1142 miscere
469 1078 599 1140 invicem
623 1075 748 1140 consilia
771 1075 881 1161 aliqua,
904 1076 973 1140 dein
988 1098 1150 1163 separare:

147 1164 308 1250 aliquando
318 1163 411 1248 frangi
423 1178 548 1249 aspectu
579 1163 715 1246 ignorum
727 1184 861 1241 suorum,
871 1163 980 1248 sepius
991 1166 1150 1230 concitari:

146 1252 278 1336 satisque
293 1255 461 1328 constabat,
477 1187 596 1315 sealde
612 1249 758 1336 quosdam
774 1251 803 1315 in
819 1251 965 1338 conjuges
980 1271 1016 1316 ao
1031 1252 1152 1332 liberos,

148 1354 290 1422 tanquam
307 1339 530 1403 misererentur.
1069 1398 1071 1404 ,
1126 1399 1151 1436 l

190 1415 357 1490 Proximus
380 1425 444 1490 dies
471 1425 578 1490 faciem
604 1425 735 1489 victorie
761 1424 849 1488 latius
872 1425 1008 1504 aperuit:
1033 1439 1152 1492 vastam

145 1511 257 1596 ubique
268 1493 429 1590 silentiuni,
439 1495 662 1588 secretfcalles¹
676 1511 820 1574 fumantia
837 1511 942 1594 procul
958 1523 1048 1588 tecta,
1059 1533 1151 1576 nemo

147 1600 388 1682 exploratoribus
403 1599 528 1662 obvius:
560 1583 667 1682 rsuibds
689 1598 719 1660 in
743 1603 864 1660 omnem
881 1611 996 1680 partem
1013 1596 1152 1680 dimissis,

148 1677 327 1750 ubi‘incerta
342 1684 418 1766 suge
435 1685 569 1766 vestig-ia,
596 1663 695 1767 nespas
720 1703 846 1767 usquam
861 1667 1034 1764 conglobbri
1050 1684 1153 1748 hostes

147 1761 346 1854 compertum,
370 1786 401 1834 et
423 1769 532 1834 exacti
542 1769 606 1854 jam
623 1782 725 1832 estate
740 1769 839 1853 spargi
848 1768 966 1832 ‘bellum
989 1765 1152 1856 nequibam

147 1859 176 1922 in
193 1858 268 1922 fines
284 1839 485 1921 Hurestmum
502 1856 669 1921 exercitum
686 1843 819 1918 dedu‘cit.
865 1855 911 1919 Ibi
927 1857 1057 1941 acceptis
1073 1858 1154 1922 obsi-

147 1943 245 2022 dibus,
263 1943 403 2028 prefecto
425 1929 528 2008 otas'sis
554 1930 760 2007 ‘circrdnlebi
781 1923 980 2008 Britardriam'
997 1945 1151 2030 precepit.

147 2029 235 2096 Date
251 2031 288 2094 ad
305 2031 334 2094 id
351 2031 440 2109 vires,
456 2045 487 2094 et
503 2045 697 2115 precesserat
712 2044 818 2094 terror.
863 2029 934 2115 Ipse
956 2031 1091 2116 peditem
1108 2045 1154 2096 at·

148 2139 207 2202 que
224 2119 340 2202 equites
355 2117 439 2182 lento
454 2119 571 2196 itinere,
588 2117 648 2203 qud
671 2139 814 2188 novarum
832 2119 965 2199 gentium
981 2116 1072 2182 animi
1088 2119 1154 2204 ipsai

148 2205 287 2266 transitris
303 2204 389 2264 mord
403 2219 597 2277 terrerentur,
619 2207 650 2263 in
674 2205 818 2282 hybernis
839 2205 960 2266 locavit.
1006 2204 1049 2266 Et
1064 2206 1153 2270 simul

147 2289 250 2353 classis
273 2287 409 2353 secundai
430 2301 611 2371 tempestate
634 2308 670 2349 ac
692 2285 774 2349 lamb
795 2270 1011 2351 Trutulenlem
1033 2303 1152 2372 portum

148 2377 255 2450 tenuit,
272 2376 352 2438 uncle
369 2375 507 2461 proximo
519 2375 612 2437 latere
624 2372 787 2435 Britanniae
803 2372 884 2436 lecto
899 2375 981 2436 curui
997 2373 1137 2442 redierat.

191 2462 351 2528 XXXIX.
377 2461 469 2526 Hunc
489 2482 588 2526 rerum
603 2481 735 2537 cursum,
752 2480 923 2545 quanquam
945 2459 1028 2522 nullai
1042 2456 1192 2581 verbqu

148 2573 215 2615 rum
235 2535 380 2636 jactafitib
406 2545 543 2636 epistolis
567 2547 715 2632 Agricolae
740 2541 930 2633 auctum,(ut
960 2546 1153 2615 Domitianus
1189 2590 1194 2639 1

149 2653 223 2716 erat,
240 2639 336 2702 fronte
352 2637 446 2714 letus,
462 2651 585 2722 pectore
604 2625 873 2722 anxiusQexeepit.
919 2617 1153 2721 lnedqconsci-
1189 2655 1194 2727 ἱ

149 2725 241 2802 entia,
258 2713 368 2790 derisfii
384 2713 474 2788 fuisse
490 2713 714 2808 nuperqsalsdm
735 2743 752 2784 e
769 2720 936 2784 Ger-manin
955 2708 1172 2809 triumphurn„
1189 2748 1194 2807 g

125 2807 309 2898 <emtis2per
323 2810 519 2886 commercia,
536 2830 663 2892 quorum
687 2807 806 2870 habitus
829 2822 860 2870 et
882 2809 980 2872 crines
1003 2810 1033 2873 in
1056 2812 1152 2894 capti-

148 2918 253 2960 vorum
270 2896 404 2978 speciem
428 2884 647 2976 format-edm&
670 2907 701 2957 at
723 2915 802 2956 nunc
824 2915 926 2957 veram
950 2917 1152 2981 magnamque

150 2981 318 3058 victoriam,
330 2994 375 3044 tot
386 2981 515 3044 millibus
532 2977 660 3044 bostium
671 2981 765 3052 cesis,
778 2981 889 3063 ingenti
901 2980 981 3043 sarnai
995 2966 1170 3047 celebrer?
1196 2975 1201 3023 l

150 3069 186 3132 Id
202 3068 257 3130 sibi
274 3067 407 3149 rnaxim'e
424 3059 662 3144 lormid0l0s6m‚
675 3067 925 3151 privati'bominis
936 3089 1048 3132 nomeu
1064 3091 1154 3154 supra
1190 3102 1193 3108 ·

151 3154 299 3238 Principis
316 3153 419 3218 attoli:
442 3151 662 3218 frustralsrudia
679 3154 731 3218 sori
748 3168 779 3216 et
794 3155 926 3217 ciuilium
939 3155 1045 3218 artium
1058 3156 1153 3220 decus

150 3243 180 3306 in
196 3241 347 3304 silentium
364 3255 441 3318 acta,
457 3241 481 3304 si
498 3241 653 3305 militarem
678 3241 802 3324 gloriam
825 3241 900 3304 alius
915 3255 1097 3325 occuparet:
1122 3258 1154 3308 et

150 3341 253 3392 cetera
270 3313 433 3412 utcunfqne
454 3327 568 3391 facilius
588 3315 784 3390 dissimuldri:
809 3313 905 3391 Ducis
925 3328 995 3390 boni
1016 3326 1153 3412 Impera·
1191 3359 1195 3388 t

152 3415 258 3480 toriarn
285 3415 422 3478 vinutem
450 3435 528 3478 esse.
574 3413 701 3478 Talibus
723 3415 802 3477 curis
826 3416 988 3491 exercitus,
1012 3415 1153 3502 quodque
1191 3408 1197 3475 ῗ

150 3499 1153 3586 sevecogitationisindiciumerat‚secretosuosatiatns‚optimum
1191 3509 1195 3588 j

151 3589 181 3652 in
195 3587 350 3671 presentia
365 3587 478 3665 statuit,
502 3608 647 3672 reponere
670 3587 784 3664 odium,
808 3588 905 3652 donec
921 3589 1052 3672 impetus
1068 3589 1153 3654 same
1188 3595 1193 3611 ¹

150 3689 182 3738 et
206 3673 290 3736 savor
316 3674 467 3738 exercitlls
487 3651 713 3760 languesceiett
736 3696 805 3739 nam
822 3675 912 3740 etiarn
929 3689 993 3739 tum
1009 3676 1153 3760 Agricola
1186 3684 1191 3761 ξ

151 3761 339 3828 Britanniam
354 3761 518 3827 obtinebat.
1081 3764 1190 3824 -0-„2‘

1136 643 1185 684 ,4,
1271 677 1272 686 ,
