2516 4250
142 224 185 288 A.
200 221 240 288 C.
257 225 327 308 69.]
440 223 584 287 Hieron.
608 221 682 287 Lm.
707 221 850 288 Primus.
1100 225 1140 288 41

186 387 377 453 LXXXVI.
402 387 543 470 Prodigia
565 389 688 472 insuper
702 389 864 464 terrebant,
888 387 1012 474 diversis
1035 401 1139 452 aucto-

140 476 223 538 ribus
237 477 368 558 vulgata.
406 474 458 538 ‘ln
472 475 620 538 vestibulo
629 476 761 558 capitolii
774 475 899 538 omissas
910 475 1041 537 habenas
1052 476 1138 557 bigae,

140 563 191 626 oui
209 561 343 626 Victoria
359 563 521 625 institerat:
546 563 681 644 erupisse
690 561 770 624 cellia
784 561 912 623 Junonis
923 561 1064 645 majorem
1083 561 1139 624 hu·

139 647 233 712 mand
247 650 400 733 speciem:
425 663 552 710 statuam
567 648 639 710 Divi
648 647 718 711 Julii
736 649 763 710 in
781 646 1021 710 insuldTiberioi
1033 649 1139 726 amnis,

138 755 248 798 sereno
258 751 288 798 et
298 736 423 798 immoto
433 735 492 810 die,
505 736 542 796 ab
551 733 722 797 Occidente
732 735 761 796 in
774 733 932 796 Orientem
943 755 1136 797 conversam:

141 821 330 905 prolocutum
347 823 375 885 in
393 820 516 884 Etrurii
531 822 657 883 bovem:
681 821 814 884 insolitos
824 820 996 882 animalium
1009 835 1108 904 partus
1119 819 1139 882 τ’

140 922 172 970 et
190 909 274 992 plura
290 909 357 985 elia,
374 909 496 970 rudibus
511 908 626 970 saeculis
643 908 733 970 etiam
750 908 778 970 in
797 929 872 990 pace
887 907 1055 984 observata,
1073 928 1139 991 quae

139 1015 221 1058 nuno
236 995 351 1058 tantiam
376 995 405 1057 io
430 1009 511 1056 metu
536 994 705 1056 audiuntur.
752 994 813 1056 Sed
839 995 1006 1076 precipuus
1021 1009 1052 1056 et
1068 1015 1138 1057 cum

139 1083 278 1163 presenti
293 1082 387 1144 exitio
409 1082 500 1142 etiam
524 1079 610 1143 sutori
628 1101 731 1163 pavor,
754 1079 853 1142 subiti
875 1079 1067 1142 inundatione
1083 1079 1139 1144 Ti·

139 1167 235 1230 beris:
261 1168 310 1251 qui
327 1169 474 1230 immenso
486 1182 587 1242 auctu,
600 1181 720 1249 proruto
737 1181 827 1249 ponte
837 1167 973 1242 sublicio,
986 1188 1021 1229 ac
1037 1181 1135 1249 strage

137 1254 283 1316 obstantis
306 1255 392 1316 molis
415 1253 541 1328 refusus,
565 1275 623 1314 non
648 1252 738 1315 modd
750 1253 882 1338 jacentia
899 1267 929 1315 et
953 1253 1041 1336 plana
1058 1254 1137 1316 urbis

137 1339 215 1416 loca,
242 1341 294 1402 sed
318 1361 423 1403 secura
447 1339 616 1442 hujusmpdi
647 1361 770 1402 casuum
798 1339 945 1422 implevit
993 1340 1087 1422 Rapti
1118 1361 1136 1402 e

138 1427 259 1508 publico
277 1427 422 1512 plerique,
447 1427 576 1532 plures
569 1449 597 1488 m
615 1426 744 1488 tabernis
760 1441 789 1488 et
805 1427 976 1488 cubilibus
969 1427 1136 1510 intercepti.

136 1509 272 1576 Fames
265 1537 294 1576 ro
313 1513 453 1594 vulgus,
447 1512 547 1595 mopiai
565 1511 694 1612 questds
718 1527 748 1574 et
771 1511 897 1591 penuriis
913 1512 1134 1577 alimentorum.

134 1597 288 1683 Corrupta
298 1600 503 1679 sternentibus
513 1621 596 1684 aquis
607 1599 767 1661 insularum
782 1598 986 1674 fundamenta,
997 1601 1077 1676 dein,
1089 1621 1136 1662 re·

136 1701 257 1750 meante
274 1687 409 1762 flumme,
419 1685 544 1769 dilapsa.
590 1684 695 1769 thue
710 1685 835 1768 primirm
851 1705 990 1746 vacuusa
1004 1686 1137 1767 periculo

137 1773 254 1835 enimus
271 1772 335 1848 suit,
352 1773 380 1835 id
403 1773 513 1855 ipsum,
537 1771 617 1854 qudd
636 1772 748 1854 paranti
765 1771 991 1852 expeditionem
1008 1770 1135 1850 Othoni,

137 1879 264 1940 campus
277 1858 402 1922 Martius
418 1873 449 1920 et
466 1859 512 1920 via
531 1857 679 1920 Flaminia
696 1859 752 1920 iter
767 1857 837 1920 belli
853 1871 933 1920 esset
948 1858 1135 1922 obstructum

137 1965 154 2006 a
186 1943 310 2008 fortuitis
334 1947 382 2008 vel
407 1945 589 2006 naturalibus
611 1945 719 2022 causis,
742 1945 771 2007 in
797 1944 965 2028 prodigium
991 1959 1022 2008 et
1045 1967 1136 2010 omen

136 2031 355 2094 imminentium
372 2032 503 2094 cladium
521 2031 703 2094 vertebatur.

180 2116 384 2180 LXXXVll.
408 2117 504 2194 Otho,
525 2117 650 2180 lustratis
665 2119 749 2194 urbe,
766 2131 796 2181 et
818 2119 960 2202 expensis
976 2119 1045 2182 belli
1060 2139 1135 2184 oon·

133 2203 217 2282 siliis,
234 2205 354 2289 quundo
370 2204 493 2268 Penine
510 2203 681 2290 Cottiaeque
698 2205 796 2288 Alpes
811 2219 841 2268 et
857 2205 949 2268 ceteri
967 2204 1134 2270 Galliarum

134 2291 232 2354 aditus
258 2289 427 2354 Vitellianis
449 2293 632 2354 exercitibus
653 2291 881 2368 claudebantur,
905 2289 1136 2356 Narbonensem

133 2376 264 2440 Gallium
281 2378 402 2460 aggredi
414 2379 538 2455 statuit;
561 2379 657 2442 classe
669 2376 768 2440 valide
782 2392 813 2440 et
825 2377 955 2460 partibus
970 2378 1040 2456 fida,
1053 2379 1134 2480 qubd

133 2463 264 2548 reliquos
279 2485 422 2528 oaesorum
440 2465 476 2526 ad
495 2479 616 2547 pontem
635 2464 785 2540 illituum,
802 2479 833 2527 et
848 2463 966 2526 saevitiri
983 2464 1112 2530 Galbae
1105 2489 1134 2530 m

131 2552 300 2614 custodiam
318 2552 445 2626 habitos,
461 2551 489 2612 in
503 2573 643 2613 numeros
659 2551 784 2632 legionis
799 2565 1030 2633 composuerat3
1054 2552 1135 2616 factis

133 2651 166 2699 et
187 2639 295 2700 ceteris
318 2659 371 2722 spe
396 2639 590 2700 honoratioris
611 2639 638 2700 in
665 2652 815 2720 posterum
840 2637 962 2701 militiae.
1009 2638 1136 2702 Addidit

131 2723 219 2786 classi
236 2725 362 2786 urbanas
378 2725 517 2787 cohortes
533 2739 563 2786 et
581 2724 739 2808 plerosque
756 2745 773 2786 e
794 2723 993 2800 Praetorianis,
1010 2726 1087 2788 vires
1103 2741 1135 2790 et

133 2810 223 2872 robur
234 2811 397 2886 exercitlls,
409 2811 586 2895 atqueipsis
604 2810 741 2873 Ducibus
757 2810 916 2872 consilium
934 2825 965 2873 et
980 2813 1133 2876 custodes.

133 2895 260 2970 Summa
283 2898 484 2980 expeditionis
511 2899 643 2960 Antonio
667 2896 809 2974 Novello,
832 2896 946 2959 Suedio
968 2897 1135 2976 Clementi,

134 2983 375 3066 primipilaribus,
406 2983 530 3046 AEmilio
554 2984 694 3060 Pacensi,
721 2985 769 3047 cui
801 2983 954 3046 ademtum
987 3006 1003 3050 s
1033 2985 1135 3048 Galba

131 3067 333 3132 Tribunatum
354 3070 535 3147 reddiderat,
553 3073 706 3154 permissa.
754 3069 867 3133 Curam
890 3071 1010 3132 navium
1034 3071 1134 3135 Oscus

132 3155 255 3219 libertus
267 3157 424 3232 retinebat,
441 3157 477 3218 ad
495 3159 712 3220 observandum
731 3157 932 3218 honestiorum
944 3159 1033 3219 fidem
1049 3180 1133 3221 com-

132 3242 232 3304 itatus.
279 3243 421 3306 Peditum
454 3245 650 3327 equitumque
675 3245 769 3326 copiis
793 3243 954 3305 Seutonins
978 3244 1135 3323 Paulinus,
1219 3270 1249 3298 π

131 3327 245 3390 Marius
268 3328 390 3405 Celsus,
417 3331 533 3391 Annius
560 3329 678 3406 Gallus,
710 3347 840 3392 rectores
871 3331 1022 3393 destinati.
1070 3331 1133 3395 Sed

99 3467 102 3470 .
132 3414 257 3497 plurima
273 3416 347 3478 fides
365 3415 482 3478 Licinio
493 3415 624 3478 Proculo
634 3417 768 3480 Praetorii
786 3415 951 3494 Praefecto:
976 3419 999 3479 is
1012 3418 1132 3482 urbanae

131 3501 269 3599 militiae'
262 3503 400 3584 mpiger,
426 3503 572 3564 bellorum
595 3504 736 3580 insolens,
766 3504 972 3566 auctoritatem
1002 3504 1132 3582 Paulini,

131 3585 264 3669 vigorem
284 3588 381 3664 Celsi,
406 3591 606 3652 maturitatem
630 3589 721 3667 Galli,
746 3605 778 3652 ut
804 3591 913 3674 cuique
937 3604 1011 3668 eret,
1033 3592 1132 3654 orimi-

130 3674 240 3750 nando,
256 3675 337 3758 quod
355 3675 527 3739 facillimum
545 3672 623 3740 sactu
638 3693 694 3754 est,
712 3699 820 3762 pravus
841 3691 871 3740 et
886 3677 1022 3758 callidus,
1039 3678 1133 3746 bonos

129 3773 161 3824 et
176 3761 328 3826 modestos
345 3763 488 3827 anteibat.

563 3849 626 3916 ‘st'
