2508 4254
97 247 139 313 A.
156 248 197 314 C.
213 249 282 333 69.]
388 248 530 315 Hrsroa.
559 249 633 314 [ΑΒ.
657 247 822 316 Turtures.
1057 253 1099 316 93

99 414 172 478 siani
189 414 330 499 epistolis,
353 435 423 492 uon,
447 429 478 479 ut
494 415 638 500 plerique,
659 415 771 479 incerta
787 415 933 492 disseruit,
956 415 1015 478 huc
1031 416 1100 480 illuc

98 515 245 566 tracturus
256 502 507 586 interpretatione,
521 517 607 586 prout
621 503 834 582 conduxisset3
857 502 960 586 aperte
974 503 1102 566 descen·

99 587 180 652 disse
203 590 231 650 in
254 609 377 652 causam
402 589 575 676 videbatur:
607 587 706 674 etique
731 589 839 674 gratior
861 589 1002 653 militibus
1029 603 1101 668 erat,

7 679 8 682 ’
97 675 198 758 eulpae
214 675 262 738 vel
278 675 375 759 gloriae
391 679 501 738 socius.

141 761 197 826 lv.
222 760 367 825 Proxima
383 761 515 825 Cornelii
532 759 624 826 Fusci
641 761 848 826 Procuratoris
871 764 1051 827 auctoritas:
1076 763 1101 828 is

97 869 230 934 quoque,
253 849 450 913 inclementer
473 850 501 911 in
517 847 670 912 Vitellium
687 849 788 913 invehi
804 850 917 926 solitus,
944 849 1014 913 nihil
1037 851 1102 935 spei

96 935 153 998 sibi
179 936 255 1000 inter
279 936 406 998 adversa
428 935 599 1020 reliquerat.
645 933 686 996 T.
703 936 830 1020 Ampius
852 935 1025 1014 Flavianus,
1049 958 1102 1000 na·

97 1021 167 1087 turb
192 1043 228 1084 ae
255 1022 380 1085 senectia
408 1038 573 1096 cunctator,
600 1022 785 1107 suspiciones
809 1023 936 1086 militum
961 1023 1101 1101 irritabat,

97 1125 240 1193 tanquam
271 1109 417 1172 affinitatis
451 1131 522 1172 cunr
552 1107 676 1172 Vitellio
710 1110 914 1174 meminisset:
947 1111 1101 1196 idemque,

97 1195 192 1280 qubd,
216 1211 366 1280 coeptante
382 1196 532 1280 legionum
554 1211 649 1273 motu,
672 1195 824 1281 profugus,
848 1196 916 1259 dein
933 1213 1038 1280 sponte
1054 1219 1103 1260 re·

97 1295 263 1358 meaverat‚
279 1283 409 1366 perfidiae
425 1282 523 1344 locum
540 1283 680 1367 quesisse
695 1284 885 1346 credebatur.
931 1282 1012 1346 Nam
1029 1282 1103 1346 Fla·

97 1369 229 1444 vianum,
244 1367 355 1433 omissis
371 1367 537 1446 Pannonii,
560 1371 726 1451 ingressum
742 1368 869 1447 ltaliam,
893 1385 923 1434 et
938 1371 1102 1434 discrimini

98 1467 267 1532 exemtum,
286 1477 384 1518 rerum
402 1477 546 1519 novarum
561 1457 672 1540 cupido
687 1455 797 1540 Legati
812 1477 921 1519 nornen
938 1477 1103 1534 resumere,

98 1555 130 1605 et
153 1541 272 1606 misceri
297 1543 431 1606 civilibus
458 1543 557 1619 armis,
584 1543 762 1626 impulerat:
787 1543 933 1606 suadente
956 1542 1101 1606 Cornelio

99 1627 221 1706 Fusc0;
244 1651 313 1705 uon,
331 1630 399 1714 quia
414 1629 559 1693 industrii
574 1628 712 1693 Flaviani
728 1629 847 1712 egebat,
863 1629 916 1691 sed
934 1644 966 1693 ut
981 1628 1102 1692 Consu·

97 1715 160 1778 lare
175 1737 284 1779 nomen
300 1717 489 1798 surgentibus
505 1715 575 1779 ciam
591 1715 725 1780 maxime
741 1715 874 1800 partibus
889 1713 1018 1778 honesti
1032 1735 1102 1800 spe·

96 1802 146 1866 cie
163 1801 405 1884 praetenderetur.

142 1886 183 1952 V.
207 1887 364 1966 Ceterbm,
391 1903 423 1954 ut
443 1889 640 1954 transmittere
656 1890 685 1952 in
700 1887 817 1952 Italiam
833 1889 955 1974 impune
979 1902 1010 1952 et
1035 1887 1102 1952 usui

96 1973 186 2054 soret,
209 1977 352 2060 scriptum
368 1977 488 2060 Aponio
512 1975 684 2053 Saturnino,
708 1982 799 2040 ‘curn
820 1977 953 2040 exercitu
971 1975 1102 2038 Moesico

98 2061 271 2114 celeremu’
310 2065 369 2124 Ac,
393 2083 432 2110 ne
455 2063 919 2131 menum-proelnvioelmbm's
933 2063 1103 2115 neriunlbus

98 2149 334 2218 exponerentur,
351 2133 509 2216 Principes
522 2131 725 2196 Sarmatarum
740 2131 903 2217 Jaaygum,
917 2155 1010 2217 penes
1025 2157 1102 2218 quos

97 2219 226 2284 civitatis
240 2221 386 2302 regimen,
402 2220 431 2282 in
446 2219 654 2282 commilitium
670 2219 753 2282 asciti
762 2241 773 2299 3
796 2220 948 2304 ‘plebem’
970 2241 1101 2304 quoque,

98 2313 151 2372 ‘et
166 2306 227 2369 vim
243 2305 399 2390 equitum,'
416 2304 476 2390 qud
486 2303 552 2368 solit
563 2305 673 2382 valent,
689 2305 875 2370 offerebant:
899 2307 1056 2370 remissurn
1069 2307 1100 2371 id

97 2413 218 2470 munus,
234 2414 273 2454 ne
289 2393 364 2455 inter
379 2392 541 2455 discordias
557 2407 682 2456 externa
698 2392 882 2470 molirentur,
903 2407 964 2469 aut,
988 2391 1102 2479 majore

97 2499 139 2544 ex
166 2479 285 2543 diverso
307 2479 460 2556 mercede,
482 2477 533 2564 jus
559 2477 663 2562 sasque
679 2494 836 2544 exuerent.
868 2477 1103 2544 'Trahunturin

96 2579 198 2652 partes
215 2564 291 2628 Sido
306 2585 395 2650 atque
410 2565 540 2642 ltalicus,
554 2563 660 2644 Reges
676 2565 858 2642 Suevorurn,
872 2564 937 2650 quis
950 2583 1036 2630 vetus
1048 2566 1103 2630 ob-

96 2652 236 2738 sequium
248 2673 318 2734 erge
332 2651 508 2730 Romanos;
538 2665 568 2716 et
579 2673 653 2735 gens
665 2652 735 2715 fidei
745 2653 911 2716 commisse
925 2653 1100 2735 patientior:

95 2741 194 2824 posita
205 2739 238 2802 in
250 2739 327 2802 latus
340 2739 461 2814 auxilia,
478 2737 585 2801 inlesta
602 2737 735 2814 Rhaetia,
752 2739 800 2801 cui
818 2737 940 2802 Portius
957 2739 1103 2823 Septimi·

95 2847 154 2890 nus
163 2824 345 2889 Procurator
356 2841 430 2903 erat,
442 2826 620 2908 incorrupte
636 2845 707 2908 erga
718 2824 874 2888 Vitellium
886 2825 968 2888 fidei.
1007 2824 1101 2908 lgitur

96 2911 242 2977 Sextilius
269 2911 371 2989 Felix,
397 2934 466 2974 curn
494 2910 541 2974 alia
557 2911 694 2974 Auriauit
719 2926 750 2974 et
776 2928 844 2975 octo
864 2911 1038 2974 cohortibus
1064 2931 1100 2975 ac

95 2997 278 3062 Noricorum
291 2997 462 3083 juventute,
478 2998 515 3060 ad
532 2997 742 3080 occupandam
758 2998 852 3081 ripam
869 2995 941 3060 AEni
958 2997 1100 3074 fluminis,

73 3083 176 3170 ·quod
200 3084 325 3149 Rhetos
340 3084 532 3170 Noricosque
556 3083 707 3160 interfluit,
731 3085 857 3146 missus:
887 3104 955 3159 nec,
979 3083 1024 3146 his
1050 3099 1101 3148 aut

93 3173 150 3236 illis
167 3173 299 3254 prelium
316 3172 506 3248 tentantibus,
523 3169 639 3234 lortuua
651 3170 778 3254 partium
795 3169 863 3232 alibi
879 3183 1040 3233 transacta.

7 3313 9 3342 ,
140 3256 198 3321 Vl.
222 3259 364 3336 Antonio,
380 3259 551 3322 vexillarios
566 3279 584 3320 e
599 3257 772 3320 cohortibus
787 3271 817 3319 et
834 3271 948 3340 partem
965 3278 981 3318 e
1006 3257 1098 3322 uitum

94 3345 134 3409 ad
157 3345 358 3408 invadendam
382 3345 497 3408 ltaliam
514 3344 651 3428 rapienti,
673 3364 777 3407 comes
799 3341 852 3408 luit
868 3343 973 3406 Arrius
985 3278 1099 3420 l'arus,

8 3469 9 3476 ξ
93 3447 234 3497 strenuus
257 3432 357 3495 bello:
390 3453 480 3517 quam
496 3431 620 3513 gloriam
648 3446 678 3495 et
704 3429 780 3494 Dux
797 3428 932 3494 Corbulo
959 3443 989 3492 et
1016 3450 1101 3514 pros·

91 3539 173 3604 perae
193 3517 385 3582 inArmeuiai
409 3539 458 3582 res
485 3517 672 3580 addiderant.
718 3515 816 3594 ldem,
847 3517 987 3580 ‘secretis
1018 3517 1099 3600 apud

92 3604 251 3670 Neronem
268 3605 458 3681 rumoribus‚’
471 3603 629 3680 serebatur,
646 3602 849 3668 ‘Corbulonis
863 3605 987 3668 virtutes
998 3603 1099 3666 crimi-

91 3691 203 3756 natus!
249 3691 353 3768 Unde,
369 3691 469 3754 insumi
486 3689 580 3775 gratih
593 3691 719 3775 primum
737 3690 828 3774 pilum
841 3691 962 3774 adepto,
974 3689 1040 3751 laeta
1057 3690 1095 3752 ad

90 3799 224 3866 presens
238 3778 317 3842 mal'e
333 3793 428 3864 parta,
443 3799 516 3842 mox
538 3778 568 3842 in
592 3777 756 3862 perniciem
773 3776 899 3842 vertere.
945 3774 1008 3838 Sed
1028 3773 1096 3838 Pri·
