2508 4254
124 211 167 280 A.
182 209 223 278 C.
239 207 310 292 69.]
411 203 554 272 Hrsaua.
578 203 655 272 Lm.
677 203 845 272 Tanarus.
1071 209 1135 272 127

171 369 362 440 LXXVIII.
386 369 471 434 Dum
488 370 552 434 baec
577 370 608 434 in
634 369 767 455 partibus
784 368 900 434 Vitellii
923 384 1075 452 geruntur,
1091 371 1136 434 di·

129 483 249 548 gressus
275 456 394 526 Narnia
409 455 589 542 Vespasiani
617 458 780 535 exereitus,
807 456 899 522 festos
925 455 1047 521 Saturni
1072 458 1137 522 dies

129 549 263 616 Ocriculi
280 568 335 631 per
349 544 445 609 otium
461 545 602 627 agitabat.
648 543 752 608 Causa
772 559 833 608 tam
859 565 956 628 pravae
979 566 1081 623 mora,
1104 561 1137 611 ut

130 636 310 702 Mucianum
326 631 548 717 opperirentur.
594 629 664 696 Nec
680 629 815 709 deluere,
828 631 878 717 qui
894 631 1059 696 Antonium
1072 653 1138 696 sus·

132 723 299 811 picionibus
314 734 486 802 arguerent,
509 732 652 804 tanquam
676 717 768 782 ‘dolo
782 731 988 796 cunctantem,
1008 733 1076 802 post
1090 739 1140 782 se·

131 827 228 878 cretas
241 806 357 872 Vitellii
373 805 525 890 epistolas,
547 805 654 892 qulbus
670 803 871 870 Consulatum
887 819 919 868 et
933 805 1068 870 nubilem
1083 806 1140 870 fili-

133 920 182 966 am
198 912 229 962 et
250 893 368 959 dotales
382 913 469 976 opes,
496 894 624 977 pretIum
649 891 836 975 proditionis,
858 891 1028 956 offerebat?
1065 893 1140 972 Alii,

135 985 225 1048 ‘ficta
252 982 317 1046 baec
340 995 370 1044 et
392 980 422 1042 iu
447 980 573 1062 gratiam
596 977 733 1044 Muciani
762 979 942 1064 composita.
992 977 1139 1060 Quidam,

137 1067 289 1136 ‘omnium
305 1067 335 1131 id
351 1065 477 1130 Ducum
493 1065 650 1132 eonsilium
667 1065 768 1143 luisse,
794 1079 945 1130 ostentare
961 1066 1060 1152 potius
1075 1068 1140 1132 urbi

136 1158 262 1233 bellum,
286 1153 375 1240 quiam
396 1151 526 1217 inferre:
559 1153 680 1238 quando
696 1151 884 1217 validissimae
898 1152 1039 1218 cohortes
1054 1175 1072 1216 a
1085 1153 1141 1218 Vi·

137 1244 222 1310 tellio
236 1241 442 1317 descivissent,
468 1254 509 1318 et,
533 1240 655 1304 abscisis
673 1239 812 1304 omnibus
829 1240 982 1326 presidiis,
1002 1262 1141 1306 cessurus

138 1330 270 1416 Imperio
286 1328 454 1391 videbatur.
500 1326 562 1390 Sed
577 1341 687 1392 cuncta
703 1326 903 1405 festinatione,
925 1327 1036 1392 deiude
1059 1329 1142 1412 igna-

139 1417 189 1482 via
204 1415 318 1492 Sabini,
334 1427 492 1498 corrupta:
517 1414 579 1499 qui,
598 1415 704 1478 sumtis
719 1413 835 1477 temer'e
858 1414 957 1492 armis,
982 1416 1143 1480 munitissi-

139 1526 219 1570 mam
243 1501 375 1587 capitolii
392 1521 504 1576 arcem,
523 1516 553 1565 et
568 1521 607 1563 ne
623 1501 738 1584 magnis
755 1499 877 1584 quidem
893 1501 1077 1565 exercitibus
1088 1523 1143 1566 ex·

140 1589 344 1677 pugnabilem,
354 1587 499 1652 adversus
510 1601 570 1650 tres
579 1588 720 1651 cobortes
731 1587 807 1650 tueri
820 1587 1027 1672 nequivisset.'
1051 1587 1143 1654 Haud

140 1675 228 1742 facille
244 1677 309 1762 quis
325 1675 375 1738 uni
390 1674 585 1757 assignaverit
598 1674 731 1758 culpam,
748 1695 813 1758 quae
828 1673 963 1737 omnium
978 1675 1050 1739 suit:
1073 1697 1143 1741 uam

140 1779 173 1828 et
192 1763 354 1828 Mucianus
369 1761 515 1844 ambiguis
538 1761 672 1846 epistolis
688 1763 817 1824 victores
832 1761 1015 1840 morabatur,
1030 1776 1062 1826 et
1077 1763 1145 1827 An·

139 1850 238 1916 tonius
256 1861 439 1934 praepostero
453 1847 611 1933 obsequio,
627 1847 686 1925 vel,
703 1847 775 1911 duan
791 1849 901 1930 regerit
916 1848 1070 1927 iuvidiam,
1087 1851 1145 1915 cn'·

140 1959 211 2002 men
227 1936 354 2000 meruit:
377 1935 532 2019 ceterique
553 1933 670 2010 Duces,
695 1932 766 1998 dum
784 1949 938 2019 peractum
959 1935 1071 2000 bellurn
1088 1959 1145 2022 pu·

141 2023 322 2102 tant,f1nem
338 2020 403 2107 ejus
418 2019 611 2104 insignivere.
658 2019 708 2084 Ne
724 2021 851 2086 Petilius
867 2022 988 2108 quidem
1005 2022 1144 2104 Cerialis,

141 2132 212 2176 cum
228 2108 310 2174 mille
326 2108 476 2193 equitibus
489 2107 668 2191 premissus,
685 2123 717 2172 ut
733 2109 907 2173 transversis
922 2109 1076 2175 itineribus
1092 2133 1146 2198 per

141 2218 246 2282 ugrum
263 2195 410 2260 Sabinum
427 2193 609 2258 salariensi
630 2194 735 2258 urbem
759 2196 902 2274 introiret,
927 2194 998 2260 satis
1014 2214 1146 2264 matura-

142 2301 244 2348 verat:
269 2282 367 2346 dnuec
381 2281 495 2345 obsessi
510 2280 642 2366 capitolii
658 2280 737 2346 sama
758 2297 884 2346 cunctos
906 2282 994 2347 simul
1017 2287 1146 2352 exciret.

186 2367 346 2434 LXXIX.
371 2368 522 2432 Antonius
539 2389 593 2452 per
604 2367 786 2432 Flaminiam
802 2368 838 2432 ad
850 2369 932 2434 Saxa
943 2369 1041 2449 rubra,
1052 2373 1146 2439 multo

139 2457 203 2544 jam
220 2455 327 2533 noctis,
349 2476 449 2518 serum
466 2453 611 2519 auxilium
628 2455 720 2520 venit.
766 2454 833 2519 lllic
859 2454 1071 2523 ‘Interseetum
1090 2460 1147 2525 Sa-

145 2545 259 2622 binum,
286 2541 487 2626 conflagrasse
513 2541 699 2626 capitolium,
730 2555 859 2606 tremere
884 2543 1011 2622 urbem‚'
1038 2561 1147 2612 moesta

143 2630 246 2696 umnia
260 2629 396 2713 accepit:
421 2629 562 2713 ‘plebem
579 2649 699 2714 quoque
715 2643 746 2693 et
760 2629 881 2694 servitia
897 2651 951 2714 pro
961 2629 1085 2697 Vitellio
1100 2655 1148 2698 ar·

145 2716 241 2795 mari,'
264 2715 467 2780 nuntiabatur.
513 2715 555 2780 Et
575 2715 687 2780 Petilio
709 2713 823 2780 Ceriali
849 2730 989 2801 equestre
1013 2721 1147 2803 pralium

144 2803 305 2868 adversum
322 2802 439 2866 luerat:
461 2824 592 2889 namque
608 2803 773 2880 incautum,
789 2817 820 2866 et
840 2817 982 2888 tauquam
998 2807 1035 2870 ad
1053 2808 1148 2874 victos

145 2905 295 2968 ruentem,
320 2887 486 2965 Vitelliani,
516 2888 689 2974 interjectus
719 2889 813 2974 equiti
844 2889 949 2972 pedes,
984 2894 1147 2978 excepere.

146 2976 319 3060 Pugnatum
336 2975 416 3038 baud
441 2975 545 3061 procul
571 2976 657 3053 urbe,
683 2975 761 3038 inter
782 2975 903 3039 edificia
929 2977 1090 3063 hortosque
1116 2996 1148 3046 et

146 3063 298 3128 anfractus
314 3062 448 3140 viarnm;
471 3083 537 3147 que
552 3083 644 3144 gnara
661 3059 842 3139 Vitellianis,
858 3063 1045 3149 incomperta
1057 3066 1149 3132 hosti·

147 3150 215 3227 bus,
231 3164 345 3214 metum
363 3147 514 3214 lecerunt:
538 3171 638 3234 neque
654 3149 751 3212 omnis
766 3171 860 3234 eques
875 3171 1013 3229 concors,
1024 3151 1149 3240 adjunc-

147 3237 183 3303 tis
199 3236 388 3321 quibusdam,
412 3235 463 3320 qui
488 3257 584 3321 nuper
608 3237 689 3320 apud
706 3234 850 3300 Narniam
874 3236 978 3315 dediti,
1000 3238 1148 3308 fortunam

149 3324 277 3408 partium
300 3322 543 3406 speculabantur.
597 3322 727 3408 Capitur
752 3322 917 3388 Praelectus
941 3326 1005 3405 alae,
1028 3326 1149 3396 Tullius

148 3409 331 3476 Flavianus:
355 3409 448 3473 ceteri
465 3408 549 3474 soeda
563 3407 634 3496 suga
656 3425 895 3491 consternantur,
920 3435 979 3478 uon
1004 3415 1081 3480 ultra
1097 3417 1150 3483 Fi·

148 3497 242 3562 denas
257 3497 369 3560 secutis
385 3496 557 3560 victoribus.

193 3581 338 3648 LXXX.
361 3581 411 3646 Eo
425 3605 566 3648 successu
578 3583 677 3649 studia
693 3585 795 3669 populi
811 3600 918 3650 aucta:
943 3588 1050 3672 vulgus
1063 3591 1150 3658 urba·

149 3693 222 3737 num
246 3692 329 3735 arma
347 3671 441 3756 cepit.
486 3671 599 3736 Paucis
624 3686 710 3736 scuta
735 3672 882 3751 militaria,
911 3673 1021 3758 plures,
1046 3680 1150 3762 raptis,

149 3758 231 3846 quod
253 3758 364 3846 cuique
393 3758 528 3839 obvium,
553 3759 630 3838 telis,
659 3759 794 3844 ‘signum
822 3760 939 3846 pugnae’
970 3782 1150 3850 exposcunt.
