2516 4250
65 279 68 286 ,
154 208 197 270 74
421 223 424 232 ¹
492 199 798 272 C.Conrr.Tacrr1
954 203 1008 288 [A.
1022 201 1065 267 U.
1077 201 1157 268 822.

138 359 224 434 ¹uam
239 365 395 434 serebant:
415 389 565 433 consensu
591 369 750 434 meliorum
774 368 952 454 compressi,
975 383 1006 432 et
1027 368 1109 452 legio
1123 369 1155 431 in
1226 340 1232 428 i

153 457 339 522 Britanniam
356 470 536 520 transvecta.
1232 450 1233 466 ¹

197 541 333 607 LXVll.
357 542 520 606 Proximus
533 539 687 605 Vitellios
703 539 853 605 Praetoriis
867 541 1040 604 cohortibus
1056 555 1155 604 metus

144 645 237 694 erat:
262 630 391 714 separati
416 629 556 713 primirm,
579 629 699 705 deinde,
723 629 824 692 addito
848 629 980 692 honestae
1007 627 1155 690 missionis

153 718 327 793 lenimento,
344 737 425 778 arma
441 716 478 778 ad
494 715 648 778 Tribunos
663 735 733 777 suos
756 715 952 778 deserebant:
976 714 1073 778 donec
1088 735 1155 778 mo-

153 819 216 869 turn
232 825 250 866 a
264 801 453 884 Vespasiano
467 803 580 865 bellurn
596 803 818 865 crebresceret:
842 816 918 877 turn,
931 800 1063 864 resumtis
1076 801 1155 864 mili·

152 890 206 967 ria,
223 891 312 952 robur
328 887 539 952 Flavianarum
558 889 684 972 partium
701 887 796 950 lubre.
842 887 945 952 Prima
960 889 1153 950 classicorum

153 978 233 1060 legio
248 978 278 1039 in
294 973 472 1059 Hispaniam
489 975 589 1051 missa,
602 989 634 1040 ut
647 995 722 1060 pace
732 989 763 1038 et
772 975 833 1040 otio
842 975 1013 1038 mitesceret
1027 996 1034 1036 :
1058 975 1155 1038 unde·

154 1065 233 1128 cima
263 1084 299 1126 ac
329 1063 457 1144 septima
486 1063 546 1125 suis
577 1061 721 1145 hybernis
750 1061 893 1124 redditae:
917 1061 1155 1124 tertiadecimani

152 1166 266 1215 struere
282 1150 500 1233 amphitheatra
511 1147 607 1234 jussi:
631 1169 701 1211 narn
717 1147 841 1212 Caecina
856 1147 1025 1224 Cremone,
1041 1147 1156 1210 Valens

152 1235 311 1314 Bononiae,
326 1236 535 1320 spectaculum
551 1235 750 1317 gladiatorum
770 1235 862 1297 edere
886 1235 1052 1318 parabant:
1075 1255 1156 1297 nun·

155 1345 244 1409 quam
260 1325 300 1388 ita
323 1323 360 1386 ad
384 1343 471 1386 curas
494 1323 608 1387 intento
623 1319 757 1399 Vitellio,
772 1335 806 1385 ut
822 1321 1010 1406 voluptatum
1033 1322 1156 1384 oblivis-

153 1427 283 1474 caretur.

195 1493 350 1561 LXVlll.
375 1494 418 1560 Et
434 1496 556 1582 quidem
573 1510 674 1580 partes
693 1495 831 1559 modestis
848 1494 1047 1558 distraxerat:
1071 1495 1153 1578 apud

155 1585 284 1648 victores
299 1598 363 1646 orta
378 1584 497 1661 seditio,
513 1583 628 1646 ludicro
650 1583 744 1659 initio,
767 1582 821 1644 nisi
845 1603 988 1644 numerus
1009 1603 1154 1645 cesorum

87 1677 89 1682 '
152 1672 295 1736 invidiam
313 1669 394 1733 bello
409 1670 553 1733 auxisset.
599 1667 803 1734 Discubuerat
819 1665 960 1732 Vitellius
974 1667 1086 1746 Ticini,
1101 1669 1157 1731 ad·

152 1759 245 1821 bibito
260 1757 297 1820 ad
314 1757 419 1840 epulas
433 1755 590 1838 Verginio.
637 1755 746 1836 Legati
756 1754 957 1840 Tribuniqoe,
969 1776 1009 1817 ex
1022 1756 1155 1819 moribus

152 1842 384 1928 Imperatorum,
399 1844 591 1906 severitatem
608 1843 796 1920 emulantur,
812 1842 861 1904 vel
877 1842 1068 1926 tempestivis
1081 1863 1157 1906 cou-

154 1930 239 1994 riviis
261 1929 417 2011 gaudent:
440 1929 564 2012 perinde
588 1930 674 1992 miles
696 1929 839 2006 intentus,
862 1943 913 1992 aut
935 1929 1061 1992 licenter
1083 1931 1156 2014 agit.

154 2016 249 2100 Apud
272 2012 428 2077 Vitellium
455 2015 556 2078 omnia
579 2015 764 2098 indisposita,
790 2015 967 2093 temulenta,
992 2016 1156 2100 pervigiliis

156 2123 192 2167 ac
216 2100 470 2177 Bacchanalibus,
497 2100 587 2186 qudrn
615 2101 778 2185 discipline
805 2116 836 2165 et
858 2103 973 2180 castris,
1005 2104 1154 2186 propiora.

152 2187 247 2274 Igitur
262 2187 379 2250 duobus
395 2187 547 2265 militibus,
563 2187 657 2251 altero
672 2189 797 2269 legionis
812 2189 932 2274 quinte,
948 2190 1043 2252 altero
1053 2210 1071 2250 e
1081 2188 1158 2254 Gal-

153 2277 189 2340 lis
199 2275 402 2350 auxiliaribus,
415 2295 469 2358 per
478 2274 643 2352 lasciviam,
653 2275 689 2337 ad
702 2289 855 2339 certamen
866 2275 998 2340 luctandi
1010 2278 1157 2355 accensis,

152 2377 312 2447 postquam
329 2361 508 2444 legionarius
519 2362 701 2446 prociderat,
712 2362 873 2425 insultante
883 2361 985 2441 Gallo,
998 2377 1029 2426 et
1044 2364 1089 2441 iis,
1102 2365 1155 2448 qui

152 2449 191 2513 ad
217 2449 416 2532 spectandum
438 2463 655 2525 convenerant,
677 2449 707 2510 in
730 2449 829 2512 studia
855 2449 1003 2528 diductis3
1025 2450 1155 2533 erupere

150 2535 303 2618 legionarii
319 2535 349 2598 in
367 2534 530 2618 perniciem
553 2535 744 2612 auxiliorum,
760 2555 795 2599 ac
811 2535 878 2598 duae
900 2537 1040 2600 cobortes
1063 2537 1156 2600 inter·

152 2621 251 2686 lectra.
297 2620 483 2684 Remedium
507 2621 653 2685 tumulatis
676 2620 729 2684 luit
753 2623 827 2686 alius
853 2623 1016 2687 tumultus:
1057 2624 1155 2706 pulvis

145 2709 255 2795 'procul
268 2723 298 2772 et
308 2729 389 2771 arma
399 2708 621 2792 aspiciebantur
630 2731 639 2786 ;
661 2709 881 2773 conclamatum
894 2710 1030 2795 repente,
1047 2717 1156 2796 ‘quar-

152 2796 365 2859 tamdecimam
390 2795 552 2878 legionem,
568 2817 656 2858 verso
678 2796 794 2872 itinere,
810 2795 847 2858 ad
867 2795 1004 2881 praelium
1021 2799 1124 2860 venire
1136 2798 1155 2860 τ’

149 2881 204 2945 sed
220 2897 306 2944 erant
322 2882 447 2964 agminis
462 2897 636 2946 coactores:
659 2883 751 2962 agniti
767 2883 906 2946 demsdre
921 2884 1154 2948 solicitudinem.

151 2968 275 3031 Interim
293 2965 428 3051 Verginii
444 2989 548 3032 servus
564 2968 639 3032 sorte
662 2970 780 3046 obrius,
796 2983 829 3033 ut
855 2977 1035 3054 ‘percussor
1051 2969 1152 3034 Vitel-

150 3054 192 3119 lii’
217 3055 422 3119 insimulatur:
447 3071 477 3121 et
499 3057 604 3119 ruebat
629 3057 665 3118 ad
690 3057 863 3120 convivium
886 3057 983 3135 miles,
1005 3065 1153 3122 ‘mortem

149 3140 296 3224 Verginii'
313 3163 495 3225 exposcens.
541 3141 591 3206 Ne
607 3141 748 3206 Vitellius
770 3143 904 3228 quidem,
928 3165 1098 3230 quanquam
1115 3145 1154 3208 ad

150 3249 256 3293 omnes
271 3231 455 3314 suspiciones
482 3227 617 3314 pavidus,
644 3230 683 3292 de
706 3230 877 3294 innocentiai
900 3230 966 3316 ejus
986 3232 1153 3296 dubitavit:

151 3315 229 3398 egre
245 3330 345 3378 tamen
366 3317 499 3390 cohibiti,
516 3317 565 3400 qui
582 3317 708 3379 exitium
728 3318 779 3380 viri
802 3317 988 3395 Consularis,
1004 3333 1034 3381 et
1058 3339 1155 3404 quou-

150 3403 219 3465 dam
236 3401 333 3464 Ducis
349 3403 405 3477 sui,
422 3403 605 3485 flagitabant.
652 3402 720 3466 Nec
737 3425 908 3488 quenquam
925 3405 1042 3490 sepitis,
1058 3405 1150 3490 qudm

152 3486 342 3570 Verginium,
373 3491 469 3552 omnis
499 3491 607 3553 seditio
629 3491 798 3554 infestavit:
823 3491 965 3555 manebat
995 3493 1155 3556 admiratio

150 3575 202 3637 riri
219 3591 249 3636 ct
267 3574 365 3638 sama:
390 3577 442 3638 sed
459 3577 596 3652 oderant,
613 3593 644 3640 ut
662 3577 793 3640 fastiditi.

192 3659 314 3724 LXlX.
341 3661 467 3726 Postero
490 3665 549 3740 die,
565 3663 716 3740 Vitellius,
732 3665 853 3728 senattis
876 3665 1037 3748 legatione,
1061 3687 1151 3750 quern

148 3747 188 3810 ibi
203 3749 332 3833 opperiri
353 3749 494 3836 jusserat,
520 3751 632 3829 audita,
657 3767 856 3834 transgressus
882 3754 911 3815 in
938 3767 1046 3831 castra,
1071 3752 1151 3830 ultrb
