2516 4250
126 196 169 260 56
468 191 508 256 C.
533 190 642 257 Coan.
665 191 790 256 Tnorrr
917 194 973 276 [A.
990 193 1033 260 U.
1049 197 1131 262 822.
1234 226 1235 229 ¹

126 366 284 432 Acerrime
295 363 474 430 seditionum
486 385 522 428 ec
534 364 688 430 discordie
704 365 905 445 incitamenta,
921 367 1131 435 interfectores

128 454 253 517 Galbae:
276 453 392 516 scelere
416 468 446 516 et
468 467 550 516 metu
568 451 728 529 vecordes,
748 451 876 518 miscere
897 470 1017 532 cuncta,
1034 457 1130 520 modb

126 540 226 626 paldm
242 539 367 602 turbidis
383 539 518 616 vocibus,
535 537 627 602 modd
649 539 773 604 occultis
789 541 827 603 ad
843 539 998 604 Othonem
1015 543 1130 606 literis:
1235 599 1236 614 ,

125 627 175 712 qui
193 625 360 688 humillimo
376 626 486 710 cuique
501 625 654 702 credulus,
668 625 763 690 bonus
773 641 924 707 metuens,
936 629 1129 714 trepidabat;

126 713 216 776 rebus
237 711 386 796 prosperis
409 712 551 787 incertus,
574 725 606 774 et
621 712 697 776 inter
720 714 846 778 adversa
870 715 987 778 melior.
1033 715 1129 796 lgitur
1235 735 1236 738 ’

125 798 291 874 Titianum,
304 797 436 876 fratrem,
449 800 580 863 accitum
601 799 681 862 bello
695 799 865 885 preposuit.
911 801 1030 866 Interea
1043 801 1128 866 Pau-

125 886 176 950 lini
192 901 223 948 et
238 885 323 948 Celsi
340 885 432 949 ductu
449 907 498 950 res
513 886 642 968 egregie
657 900 760 969 geste.

169 970 292 1036 XXlV.
317 972 479 1053 Angebant
496 971 650 1036 Cecinam
673 973 874 1058 nequicquam
896 974 997 1036 omnia
1012 989 1126 1060 coepta,

125 1075 155 1123 et
179 1079 340 1122 senescens
367 1057 519 1122 exercitiis
541 1059 586 1122 sui
608 1059 709 1122 lama:
731 1059 833 1143 pulsus
848 1058 1018 1138 Placentib,
1040 1063 1126 1125 caesis

125 1167 222 1231 nuper
237 1145 366 1222 auxiliis,
383 1145 472 1208 etiarn
489 1167 544 1230 per
558 1165 739 1245 coneursqm
760 1146 996 1230 exploratorum,
1017 1147 1126 1210 crebra

120 1231 218 1314 magis
251 1231 320 1294 urim
336 1232 425 1313 digna
437 1248 605 1295 memoratu
623 1230 884 1316 praelia,inierior;
908 1233 1125 1319 propinquante

124 1318 222 1383 Fabio
265 1319 376 1396 alente,
393 1339 431 1380 ue
446 1339 537 1381 omne
553 1318 623 1381 belli
640 1317 733 1381 decus
748 1317 820 1382 illuc
842 1320 1035 1396 concederet,
1047 1319 1126 1384 reoi-

121 1425 229 1492 perare
250 1405 375 1486 gloriam
399 1404 513 1468 avidibs
529 1404 620 1489 qubrn
642 1403 817 1479 consultius,
835 1405 1025 1488 properabat.
1070 1405 1124 1469 Ad

124 1493 338 1556 duodecimum
350 1513 367 1554 a
378 1489 544 1568 Cremonis,
555 1491 641 1555 locus
654 1489 817 1554 Castorum
833 1507 966 1568 vocatur,
977 1491 1127 1556 ferocissi-

122 1601 188 1646 mos
200 1579 399 1656 auxiliarium,
410 1579 633 1642 imminentibus
647 1577 701 1640 vie
710 1577 785 1640 lucis
796 1579 943 1655 occultos,
953 1579 1122 1663 componit:

121 1667 239 1752 equites
255 1665 441 1751 ‘procedere
453 1664 581 1748 longiirs'
591 1663 679 1749 jussi,
695 1670 758 1742 ‘et,
774 1664 887 1727 irritato
902 1665 1003 1748 prelio
1015 1681 1123 1749 sponte

120 1752 227 1836 refugi,
238 1751 455 1816 festinationem
466 1749 788 1836 sequentiumelicere,
799 1750 1125 1814 doneeinsidiacoori·

124 1837 247 1903 rentur.’
295 1837 451 1902 Proditum
476 1839 504 1901 id
521 1837 704 1901 Othonianis
725 1836 881 1901 Ducibus:
906 1856 937 1901 et
951 1859 1053 1909 curam
1071 1859 1124 1922 pe·

124 1926 219 1989 ditum
236 1923 392 2000 Paulinus,
405 1924 537 2008 equitum
553 1922 676 2000 Celsus,
692 1923 837 1988 sumsere.
883 1923 1123 1987 Tertiaedecimee

122 2010 247 2095 legionis
264 2011 421 2088 vexillum,
437 2026 563 2095 quatuor
574 2010 753 2072 auxiliorum
768 2011 910 2074 cohortes
922 2025 952 2074 et
967 2012 1122 2160 quingenti

122 2098 241 2184 equites
267 2097 296 2159 in
321 2097 439 2160 sinistro
465 2097 622 2171 locentur:
646 2117 787 2178 aggerem
812 2097 865 2159 viae
885 2103 945 2160 tr'es
1000 2099 1121 2162 retoriae

121 2185 261 2250 cohortes
291 2183 356 2247 altis
385 2183 538 2246 ordinibus
564 2181 742 2245 obtinuere:
767 2181 875 2246 dextri
901 2182 997 2246 sronte
1027 2185 1122 2268 prima

121 2273 201 2356 legio
216 2270 348 2347 incessit,
367 2291 436 2334 cum
454 2269 570 2333 duabus
590 2268 781 2332 auxiliaribus
795 2270 968 2334 cohortibus
989 2286 1019 2334 et
1035 2271 1122 2355 quin·

122 2359 218 2444 gentis
234 2357 393 2442 equitibus.
441 2356 541 2441 Super
567 2357 622 2420 ltos
642 2356 813 2439 epraetorio
836 2357 1014 2442 auxiliisque
1039 2357 1121 2420 mille

121 2446 247 2532 equites,
263 2445 403 2508 cumulus
418 2443 577 2529 prosperis,
594 2455 645 2506 aut
660 2442 824 2508 subsidium
837 2443 1049 2522 laborantibus,
1066 2444 1122 2506 du-

120 2534 277 2599 cebantur.

164 2616 274 2683 XXV.
299 2617 473 2703 Antequam
498 2617 696 2680 miscerentur
717 2615 808 2693 acies,
831 2631 914 2700 terga
936 2617 1120 2682 vertentibus

119 2705 298 2782 Vitellianis,
311 2703 432 2782 Celsus,
449 2704 509 2766 doli
524 2704 666 2787 prudens,
683 2704 824 2787 repressit
839 2725 919 2766 suos.
965 2703 1119 2768 Vitelliani

119 2792 235 2858 temere
251 2806 462 2875 exsurgentes,
478 2792 609 2853 cedente
625 2791 738 2853 sensim
755 2789 861 2866 Celso,
877 2790 994 2872 longius
1013 2793 1120 2868 secuti,

121 2879 200 2944 ultrb
215 2881 243 2942 in
267 2879 387 2941 insidias
413 2879 653 2962 precipitantur:
677 2897 746 2939 nam
771 2897 787 2938 a
811 2877 951 2940 lateribus
969 2878 1120 2955 cohortes,

119 2969 272 3050 legionum
289 2964 418 3028 adverse
433 2965 541 3041 fronte,
558 2980 588 3026 ct
604 2963 702 3026 subito
718 2964 852 3027 discursu
864 2980 945 3047 terga
961 2965 1119 3035 cinxerant

120 3055 246 3140 equites.
294 3051 421 3134 Signum
444 3073 549 3136 pugne
576 3073 635 3112 non
659 3050 758 3113 statim
782 3072 798 3112 a
823 3049 969 3114 Suetonio
991 3049 1129 3114 Paulino¹

119 3141 211 3228 pediti
228 3141 330 3202 datum
344 3161 351 3201 :
375 3153 531 3201 cunctator
546 3135 661 3214 nature,
677 3151 707 3200 et
723 3139 771 3200 cui
787 3153 873 3200 cauta
890 3137 986 3221 potibs
998 3137 1120 3201 consilia

119 3251 190 3293 eum
204 3228 326 3301 ratione,
343 3224 432 3310 quem
450 3245 590 3309 prospere
614 3245 654 3287 ex
670 3245 753 3300 casu,
772 3224 936 3308 placerent,
953 3225 1117 3308 ‘compleri

121 3315 226 3391 fossas,
243 3312 350 3396 aperiri
371 3333 524 3394 campum,
542 3310 630 3394 pandi
656 3311 763 3374 aciem'
782 3310 928 3398 jubebat3
952 3307 1043 3373 ‘satis
1058 3310 1119 3374 citb

119 3403 210 3487 incipi
227 3399 392 3472 victoriam,
409 3398 458 3460 ubi
475 3397 626 3480 provisum
646 3396 732 3474 soret,
748 3419 786 3460 ne
808 3397 1021 3460 vincerentur.'
1068 3395 1118 3466 Eia

120 3487 309 3554 cunctatione
324 3485 452 3569 spatium
468 3483 636 3548 Vitellianis
657 3485 771 3560 datum,
787 3483 815 3546 in
833 3484 945 3559 vineas,
962 3505 1043 3547 nexu
1059 3499 1118 3548 tra-

119 3576 231 3639 ducum
249 3573 416 3657 impeditas,
429 3571 606 3654 refugiendi.
653 3569 696 3633 Et
712 3571 829 3633 modica
839 3570 913 3634 silva
929 3571 1115 3638 adherebat:

119 3662 201 3726 unde
216 3680 315 3729 rursus
326 3660 388 3724 ausi
401 3658 615 3749 promtissimos
624 3657 873 3727 Pretorianorum
884 3658 1019 3749 equiturn
1029 3657 1118 3726 intet-
