2514 4318
101 210 164 276 rar
397 206 438 273 s.
462 205 573 272 cona.
595 205 721 271 nram
893 159 1102 290 [auen.
1139 275 1140 278 Ὺ

99 395 191 460 quern
208 385 323 438 motum
346 370 477 451 Cesaris
497 393 577 436 mors
600 371 731 435 diremit.
776 369 935 449 Claudius,
958 371 1110 436 defunctis

100 461 251 544 Regibus,
274 475 326 523 aut
349 460 386 522 ad
411 459 564 522 modicum
591 459 732 535 redactis,
758 456 897 521 Judaeam
923 459 1111 544 provinciam

100 547 261 634 Equitibus
277 545 425 610 Romanis
441 560 492 609 aut
503 546 617 610 libertis
628 545 782 630 permisit3
805 565 823 607 e
836 545 942 630 quibus
955 546 1110 610 Antonius

96 633 200 712 Felix,
216 653 407 718 peromnem
423 632 566 696 sevitiam
590 653 627 695 ac
643 631 811 708 libidinem,
823 630 874 716 jus
890 631 1025 715 Regium
1040 653 1109 696 ser·

101 722 152 784 vili
168 720 452 803 ingenio‘exercuit,
469 718 614 796 Drusillia,
631 717 803 804 Cleopatrae
818 733 849 780 et
861 719 984 782 Antonii
1000 733 1109 804 nepte,

100 809 130 872 in
145 805 367 871 matrimonium
382 805 523 890 accepta,
547 821 579 870 ut
595 805 732 894 ejusdem
748 805 870 870 Antonii
887 805 979 870 Felix
994 827 1109 891 proge-

100 915 167 970 ner,
182 893 332 957 Claudius
348 913 444 976 nepos
458 907 552 956 esset.
1124 903 1126 907 ’

144 979 187 1043 Χ.
212 979 343 1044 Duravit
358 995 460 1044 tamen
484 979 629 1064 patientia
648 978 763 1044 Judaeis
785 980 937 1065 usquead
961 980 1107 1045 Gessium

100 1065 238 1145 Florum,
256 1067 500 1131 Procuratorem.
546 1065 610 1129 Sub
626 1088 664 1130 eo
686 1067 799 1130 bellum
824 1081 944 1132 ortum:
969 1082 1000 1130 et
1019 1089 1108 1132 com·

101 1154 233 1239 primore
262 1169 448 1239 coeptantem
479 1151 619 1218 Cestium
650 1151 784 1230 Gallum,
816 1153 909 1239 Syrie
940 1153 1106 1238 Legatum,

101 1242 183 1304 varie
200 1240 298 1324 prelia
318 1261 353 1303 ac
379 1239 489 1324 sepitis
513 1240 642 1304 adversa
659 1240 825 1324 excepere.
871 1240 937 1315 Qui
957 1243 1007 1304 ubi
1029 1240 1105 1320 sato,

101 1341 153 1391 aut
168 1327 256 1392 tedio
270 1327 390 1404 occidit,
406 1328 498 1392 missu
514 1325 645 1390 Neronis
660 1324 866 1411 Vespasianus
878 1327 995 1392 lortund
1009 1327 1109 1392 lamia·

103 1435 163 1502 que
180 1429 211 1478 et
226 1413 354 1498 egregiis
368 1413 518 1490 ministris
533 1414 609 1477 intra
625 1414 699 1476 duas
714 1429 842 1492 estates,
857 1430 965 1479 cuncta
980 1435 1108 1502 campo·

101 1522 168 1566 rum
181 1522 359 1586 omnesque,
371 1516 478 1585 preter
488 1499 712 1584 Hierosolyma,
725 1500 825 1579 urbes,
838 1502 951 1566 victore
966 1503 1106 1566 exercitu

101 1590 236 1654 tenebat.
282 1587 446 1652 Proximus
459 1609 555 1652 annus
567 1588 645 1652 cirili
661 1587 743 1651 bello
753 1588 895 1666 intentus,
912 1603 1055 1674 quantum
1066 1589 1106 1654 ad

100 1673 235 1754 Judaeos,
262 1676 435 1760 parotium
462 1676 587 1740 transiit.
633 1673 717 1738 Pace
741 1697 797 1760 per
822 1675 937 1740 ltaliam
961 1675 1057 1760 partit,
1074 1691 1106 1741 et

101 1777 234 1827 externe
248 1783 328 1826 cure
344 1761 474 1826 rediere.
519 1761 661 1846 Augebat
677 1762 744 1839 iras,
761 1761 842 1848 qubd
857 1763 912 1826 soli
928 1761 1026 1826 Judaei
1041 1785 1103 1826 non

101 1851 273 1913 cessissent.
320 1849 417 1913 Simul
439 1869 562 1914 manere
578 1848 659 1932 apud
683 1850 835 1913 exercitus
850 1848 969 1926 Titum,
985 1850 1022 1912 ad
1039 1860 1107 1913 om'·

102 1957 157 1999 nes
183 1935 374 2019 Principatbs
400 1936 469 2000 nori
496 1950 625 2000 eventus
650 1957 777 2000 casusve
807 1936 907 2000 utilius
934 1936 1105 2000 videbatur.-

101 2020 197 2106 Igitur
221 2022 334 2099 castris,
361 2022 402 2086 uti
425 2023 568 2101 diximus,
594 2039 663 2087 ante
685 2023 796 2087 moenia
820 2021 1104 2106 Hierosolymorum

100 2109 216 2193 positis,
232 2109 391 2172 instructas
406 2109 542 2193 legiones
556 2109 727 2174 ostentavit.
836 2133 841 2136 ·

145 2193 206 2258 Xl.
229 2193 328 2258 Judaei
349 2195 405 2259 sub
428 2196 509 2280 ipsos
533 2217 634 2260 muros
655 2195 794 2260 struxere
816 2196 925 2275 aciem,
942 2196 1033 2262 rebus
1054 2217 1105 2261 se·

101 2282 208 2346 cundis
232 2281 349 2365 longius
375 2283 485 2360 ausuri,
509 2296 551 2361 et,
567 2283 592 2347 si
608 2283 801 2368 pellerentur,
825 2299 930 2369 parato
954 2283 1105 2368 perfugio.

97 2366 209 2432 Missus
231 2369 261 2432 iu
286 2390 340 2434 eos
361 2389 455 2454 eques
477 2391 547 2432 cum
575 2370 725 2455 expeditis
750 2371 925 2435 cohortibus
959 2371 1104 2454 ambigue

100 2455 239 2519 cenavit.
284 2453 361 2518 Mox
376 2455 496 2520 cessere
520 2456 633 2534 hostes,
649 2471 680 2519 et
702 2457 898 2541 sequentibus
914 2457 1021 2522 diebus
1037 2477 1107 2520 cre-

100 2541 153 2604 bra
170 2563 224 2625 pro
240 2541 331 2625 portis
346 2543 445 2626 praelia
461 2542 619 2607 serebant:
641 2542 739 2607 donec
755 2543 880 2606 assiduis
896 2543 1013 2606 damnis
1028 2544 1107 2609 intra

101 2628 214 2692 moenia
227 2626 422 2710 pellerentur.
454 2628 587 2692 Romani
604 2628 640 2692 ad
653 2629 889 2715 oppugnandum
905 2631 993 2706 versi,
1003 2651 1106 2715 neque

100 2715 180 2780 enim
204 2714 328 2795 dignum
351 2714 520 2794 videbatur,
543 2715 654 2779 samem
678 2717 808 2780 hostium
824 2717 977 2801 opperiris·
996 2738 1107 2800 posce·

100 2800 234 2886 buntque
261 2800 407 2883 pericula,
429 2819 498 2884 pars
520 2803 641 2880 virtute,
667 2803 753 2866 multi
780 2802 893 2866 serocid
912 2817 943 2866 et
961 2803 1106 2888 cupidine

103 2888 302 2972 premiorum.
349 2885 410 2970 lpsi
430 2886 503 2950 Tito
518 2887 620 2950 Roma
636 2901 667 2951 et
690 2911 764 2974 opes
780 2889 1010 2974 voluptatesque
1033 2905 1106 2954 aute

99 2974 222 3038 oculos:
247 2995 294 3050 ac,
307 2973 335 3035 ni
347 2973 447 3036 statim
460 2971 674 3058 Hierosolyma
686 2975 889 3052 conciderent,
902 2976 1009 3038 morari
1020 2977 1107 3039 vide-

99 3061 217 3125 buntur.
263 3059 326 3122 Sed
350 3060 465 3137 urbem,
481 3059 605 3122 arduam
628 3061 696 3138 situ,
711 3083 807 3144 opera
833 3061 988 3146 molesque
1004 3062 1106 3126 firma·

100 3163 215 3224 serant,
232 3145 298 3232 quis
315 3146 362 3209 vel
379 3147 468 3231 plana
483 3143 553 3210 satis
569 3147 763 3211 munirentur.
809 3146 890 3211 Nam
907 3147 983 3210 duos
998 3149 1106 3226 colles,

100 3233 282 3296 immensum
299 3232 407 3310 editos,
422 3231 605 3296 claudebant
621 3233 708 3310 muri,
726 3254 780 3315 per
795 3249 892 3297 artem
908 3234 1031 3319 obliqui,
1054 3251 1107 3300 aut
1135 3235 1137 3240 ’

41 3352 48 3364 ·
103 3319 247 3383 introrsus
261 3319 368 3382 sinuati
378 3342 388 3399 3
411 3333 443 3382 ut
459 3319 552 3382 latera
566 3320 803 3404 oppugnantium
820 3321 856 3382 ad
873 3321 950 3384 ictus
965 3336 1108 3404 patesce·

101 3420 179 3470 rent.
225 3404 375 3469 Extrema
390 3405 472 3489 rupis
494 3405 640 3488 abrupta:
664 3421 695 3468 et
717 3421 823 3483 turres,
840 3406 889 3468 ubi
913 3427 999 3470 mons
1008 3406 1106 3490 juris·

101 3506 157 3569 set,
173 3493 202 3555 in
218 3491 376 3573 sexaginta
392 3491 498 3574 pedes,
514 3491 592 3555 inter
606 3491 736 3568 devexa,
753 3493 782 3555 in
798 3507 944 3556 centenos
966 3493 1108 3556 vicenos-

102 3599 161 3662 que
172 3577 406 3642 attollebantur:
429 3576 503 3641 miri
514 3578 627 3662 speeie,
640 3599 675 3641 ac
687 3579 789 3663 procul
805 3578 991 3642 intuentibus
1003 3599 1103 3662 pares.
1241 3582 1249 3678 p

101 3665 171 3730 Alia
193 3666 273 3728 iutus
288 3663 411 3744 moenia,
434 3662 541 3748 Regin
561 3663 772 3752 circumjecta:
796 3665 1022 3752 conspicuoque
1045 3664 1106 3750 sess
1246 3689 1249 3834 q
