2514 4318
156 199 198 268 A.
215 195 255 266 C.
271 196 341 282 70.]
450 194 593 264 Hrssos.
616 195 693 264 Lrs.
718 194 886 274 Qurnsns.
1101 199 1162 264 ret

158 361 341 430 Exhortatio
358 363 493 439 Ducum,
519 383 579 428 non
606 384 691 428 more
713 363 867 428 concionis
893 360 974 446 apnd
1000 361 1166 442 universos,

158 453 212 516 sed
229 465 262 514 ut
278 471 414 534 quosque
439 472 561 514 suorum
576 449 812 513 advehebantur.
858 449 987 514 Cerialis
1009 455 1165 514 ‘veterem

159 537 293 602 Romani
318 537 445 600 nominis
467 537 602 618 gloriam,
627 537 763 620 antiquas
786 549 985 620 recentesque
1009 535 1167 600 victorias:

161 639 193 688 ut
209 623 370 708 perfidum,
385 623 539 704 ignavum,
553 623 665 687 victum
682 624 813 699 hostem,
834 623 863 684 in
880 639 1025 686 eternum
1042 623 1168 688 excide·

161 726 243 776 rent:
266 709 379 772 ultione
402 707 508 790 magis,
533 709 622 794 quim
640 709 752 792 prelio,
778 729 855 792 opus
878 730 957 772 esse.
1002 707 1168 774 Pauciores

161 817 257 881 nuper
285 817 356 860 curn
380 796 513 879 pluribus
534 795 685 860 certisse:
717 811 848 860 attamen
875 793 956 860 susos
984 793 1166 873 Germanos,

163 882 245 968 quod
259 883 372 946 roboris
384 880 483 945 suerit.
529 882 709 966 Superesse,
722 882 772 966 qui
788 880 888 964 lugam
906 883 1022 960 animis,
1035 883 1086 966 qui
1103 883 1168 946 vul·

162 989 233 1034 nera
248 983 345 1052 tergo,
362 967 480 1032 serant.'
519 968 662 1053 Proprios
685 969 765 1047 inde,
779 969 915 1032 stimulos
931 969 1099 1052 legionibus
1114 969 1168 1032 ad-

164 1054 315 1130 movebat,
343 1054 526 1120 ‘domitores
556 1055 718 1119 Britanniae
743 1055 1032 1140 quartadecimanos'
1064 1055 1168 1140 appel·

162 1141 247 1206 lans:
272 1141 464 1226 ‘Principem
493 1141 621 1206 Galbam
645 1158 738 1204 sextae
765 1141 890 1224 legionis
914 1141 1168 1206 auctoritatesac-

163 1243 246 1294 tum:
270 1227 321 1290 illia
346 1227 474 1312 primdm
490 1228 555 1292 acie
579 1228 767 1292 secundanos
789 1249 868 1292 nova
890 1228 975 1310 signa
996 1249 1167 1314 novamque
1248 1231 1249 1236 ’

163 1314 293 1400 aquilam
311 1313 482 1378 dicaturos.’
529 1312 621 1390 Hinc,
639 1329 805 1398 praevectus
821 1315 859 1377 ad
876 1313 1093 1382 Germanicum
1112 1337 1168 1378 ex·

163 1401 301 1476 ercitum,
317 1422 422 1464 manus
438 1401 593 1478 tendebat,
610 1407 663 1464 ‘ut
678 1422 763 1464 suam
780 1401 885 1484 ripam,
906 1417 1083 1478 essecestra,
1098 1423 1168 1464 san-

163 1487 254 1570 guino
282 1487 413 1549 hostium
443 1487 669 1570 reciperarent!
714 1486 853 1548 Alacrior
882 1487 1016 1550 omniurn
1042 1488 1168 1563 clamor,

164 1570 232 1657 quis
246 1572 294 1636 vel
311 1593 328 1634 e
343 1571 435 1654 longi
457 1593 533 1656 pace
554 1573 645 1656 prelii
668 1572 791 1654 cupido,
817 1571 865 1634 vel
882 1570 965 1636 sessis
981 1571 1062 1642 bello
1085 1573 1168 1657 pacis

164 1679 259 1732 amor,
273 1657 454 1742 praemiaque
471 1672 501 1720 et
516 1659 603 1742 quies
618 1659 646 1720 in
663 1672 816 1742 posterum
832 1657 1040 1740 sperabantur.

208 1741 318 1806 XVlI.
343 1741 413 1806 Nec
428 1741 534 1807 Civilis
550 1743 689 1808 silentem
702 1743 812 1808 struxit
827 1743 935 1820 aciem,
948 1745 1048 1808 locum
1062 1765 1168 1829 pugne

165 1842 275 1892 testem
291 1829 405 1892 virtutis
420 1829 522 1893 ciens:
546 1836 643 1896 ‘stare
659 1829 829 1894 Germanos
855 1829 1050 1916 Batavosque
1076 1853 1170 1916 super

166 1914 291 1998 vestigia
307 1914 418 1996 gloria,
439 1915 557 1980 cineres
582 1938 710 2002 ossaque
733 1917 885 1998 legionum
899 1917 1070 1982 calcantes:
1093 1917 1169 2002 qud·

164 2021 297 2085 cumque
313 2002 417 2065 oculos
433 1999 592 2067 Romanus
606 2003 787 2080 intenderet,
802 2004 1018 2087 captivitatem,
1033 2005 1169 2068 cladem·

164 2107 226 2172 que
241 2101 272 2152 et
287 2087 350 2150 dira
373 2088 473 2152 omnia
495 2090 658 2154 obversari.
704 2088 755 2152 Ne
780 2105 962 2154 terrerentur
988 2092 1070 2154 vario
1090 2089 1170 2154 Tre·

165 2174 258 2238 verici
279 2175 370 2258 prelii
386 2189 514 2239 eventu:
546 2197 630 2240 suarn
654 2176 714 2240 illic
729 2176 884 2240 victoriam
903 2176 1063 2240 Germanis
1077 2178 1170 2248 obsti-

165 2261 248 2337 tisse,
278 2260 362 2338 dum,
388 2262 505 2326 omissis
529 2263 606 2341 telis,
633 2261 734 2347 praedi:
763 2283 869 2329 manus
888 2263 1085 2348 impediunt:
1114 2263 1169 2328 sed

164 2361 275 2412 cuncta
301 2369 374 2410 mox
401 2369 542 2433 prospera
566 2363 597 2413 et
622 2347 701 2414 hosti
723 2349 868 2414 contraria
894 2351 1043 2414 evenisse.
1088 2348 1169 2424 Qua

166 2434 314 2517 provideri
330 2448 394 2498 astu
409 2434 506 2500 Ducis
521 2436 695 2520 oportuerit,
711 2436 846 2520 pmrisa:
869 2457 994 2522 campos
1013 2435 1170 2502 madentes

166 2535 195 2582 et
207 2519 277 2604 ipsis
293 2542 400 2599 gnaros
410 2543 420 2601 3
445 2522 569 2605 paludes
586 2523 720 2585 hostibus
731 2523 848 2586 noxias.
884 2521 1029 2608 Rhenum
1046 2537 1076 2586 et
1089 2521 1169 2588 Ger-

167 2607 272 2670 mariiae
289 2605 374 2670 Deos
390 2607 419 2670 iu
436 2621 581 2692 aspectu:
606 2630 732 2693 quorum
745 2609 868 2672 numine
883 2607 1077 2694 capesserent
1093 2631 1170 2694 pug-

166 2713 248 2768 naut,
257 2692 431 2777 conjugum,
442 2709 612 2778 parentum,
624 2696 725 2779 patriae
736 2716 906 2760 memores:
932 2697 1015 2760 illum
1026 2697 1106 2760 diem
1117 2709 1169 2760 aut

166 2777 411 2861 gloriosissimum
428 2781 505 2844 inter
520 2780 657 2866 majores,
677 2795 729 2844 aut
744 2781 974 2862 ignominiosum
994 2783 1074 2864 apud
1099 2802 1170 2865 pos·

168 2878 260 2942 tercs,
276 2864 361 2930 sore!
407 2864 468 2928 Ubi
481 2887 556 2930 sono
571 2887 721 2930 armornm
736 2867 931 2950 tripudiisque
948 2865 1004 2952 (ita
1020 2867 1075 2930 illis
1087 2869 1167 2951 mos)

167 2952 332 3038 approbata
352 2967 419 3016 sunt
435 2953 525 3028 dicta,
548 2953 630 3017 saxis
645 2953 865 3037 glandibusque
877 2951 909 3016 'et
924 2953 1033 3016 ceteris
1052 2953 1170 3016 missili·

167 3037 224 3100 bus
240 3039 373 3122 prelium
389 3039 546 3123 incipitur:
573 3059 673 3124 neque
690 3054 790 3102 nostro
806 3039 898 3102 milite
915 3038 1055 3122 paludem
1070 3039 1171 3122 ingre·

168 3123 282 3201 diense,
294 3139 324 3187 et
341 3124 513 3202 Germanis,
529 3141 562 3190 ut
576 3125 731 3202 elicerent,
747 3124 973 3188 lacessentibus.

211 3208 333 3274 XVlll.
358 3211 527 3288 Absumtis,
550 3234 615 3297 quae
627 3211 788 3297 jaciuntur,
811 3226 842 3275 et
866 3211 1042 3276 ardescente
1057 3211 1170 3296 pugnis,

139 3376 141 3380 .
169 3317 345 3378 procursum
362 3298 400 3360 ab
417 3298 501 3362 hoste
517 3299 671 3363 infestiirs:
694 3299 847 3362 immensis
861 3298 1036 3383 corporibus
1051 3313 1081 3362 et
1096 3321 1171 3384 prae·

168 3383 264 3466 longis
280 3383 372 3446 hastis
387 3383 552 3448 fluitantem
573 3386 786 3470 labantemque
802 3385 927 3450 militem
943 3387 1059 3450 eminus
1074 3384 1172 3450 sodic-

118 3500 120 3508 ·
170 3469 261 3532 hant:
285 3470 372 3532 simul
389 3491 406 3532 e
423 3471 513 3548 mole,
529 3493 620 3557 quam
641 3473 781 3536 eductam
797 3473 826 3536 in
843 3472 989 3536 Rhenum
1004 3473 1169 3550 retulimus,

169 3554 386 3620 Bructerorum
402 3578 517 3622 cuneus
538 3559 715 3622 tranatavit:
740 3559 857 3622 turbata
873 3559 912 3622 ibi
928 3579 999 3638 res;
1021 3574 1053 3623 et
1075 3559 1170 3644 pelle-

168 3641 257 3708 batur
270 3642 420 3706 sociarum
435 3645 603 3710 cohortium
619 3646 710 3723 acies,
728 3645 798 3709 clun
814 3647 948 3728 legiones
968 3665 1099 3731 pugnarn
1115 3666 1171 3708 ex·

168 3729 295 3816 cipiunt,
320 3729 542 3816 :oppressique
569 3732 699 3798 bostium
721 3730 845 3812 serocid,
869 3732 1003 3820 prelium
1026 3745 1170 3817 equatur.
