2514 4318
120 189 183 254 186
458 181 500 250 C.
523 183 634 250 Coun.
656 183 781 250 Tnorrr
909 186 967 271 [A.
981 185 1025 252 U.
1041 189 1121 255 823.

112 351 163 416 sits
185 349 292 414 urbem
316 361 501 434 gentemque
523 347 629 414 Cesar
659 347 762 428 Titus,
785 349 908 435 quando
936 352 1069 438 impetus
1090 369 1124 420 et

117 438 215 503 subita
230 436 301 499 balli
317 436 402 500 locus
417 435 572 514 abnueret,
589 437 746 518 aggeribus
759 437 914 522 vineisque
930 455 1046 502 certare
1062 455 1125 504 sta-

119 525 186 590 tuit.
225 522 409 586 Dividuntur
421 522 587 604 legionibus
603 523 755 598 munia,et
767 524 852 608 quies
868 525 1034 608 preliorurrr
1051 525 1123 590 suit:

119 612 218 676 donec
242 623 351 672 cuncta
367 609 577 691 expugnandis
601 609 724 672 urbibus
747 629 867 694 reperta
892 612 973 696 apud
992 627 1125 691 veteres,

119 713 171 766 aut
187 696 272 760 noris
287 695 423 776 ingeniis,
438 709 632 760 struerentur.

163 780 254 846 XIV.
279 781 323 844 At
339 779 457 857 Civilis,
483 796 550 865 post
576 781 686 844 malam
711 781 740 844 in
755 779 901 846 Treveris
917 805 1061 868 pugnam,
1077 806 1125 850 re·

120 886 225 956 parato
241 889 294 952 per
310 866 504 930 Germaniam
521 869 669 944 exercitu,
685 869 763 952 apud
780 867 895 934 Vetera
910 889 1007 934 eastra
1018 892 1126 936 conse·

121 957 183 1022 dit:
208 971 289 1020 tutus
304 953 383 1031 loco,
396 968 427 1018 et
443 969 475 1017 ut
487 953 633 1018 memorii
648 976 857 1039 prosperarum
873 957 934 1020 illic
949 979 1049 1020 rerum
1072 980 1127 1022 au·

121 1055 280 1125 gescerent
300 1040 492 1104 barbarorum
508 1042 609 1104 animi.
656 1041 787 1104 Secutus
802 1055 848 1106 cst
866 1041 976 1108 ebdem
997 1042 1126 1108 Cerialis

121 1128 280 1213 duplicatis
294 1127 399 1212 copiis,
423 1127 555 1190 adventu
576 1127 715 1192 secunde
739 1142 771 1192 et
796 1143 889 1192 sextae
913 1143 944 1192 et
960 1130 1127 1214 quartaede-

121 1216 207 1280 cimae
222 1214 386 1296 legionum.
432 1214 643 1299 cohortesque
667 1229 698 1278 et
724 1214 789 1292 alae,
808 1214 990 1300 jampridem
1011 1217 1128 1294 aceitae,

122 1315 190 1384 post
212 1302 365 1364 victoriam
389 1315 634 1384 properaverant.
680 1299 798 1364 Neuter
813 1299 937 1364 Ducum
958 1317 1127 1366 cunctator.

122 1388 185 1452 Sed
201 1388 323 1452 arcebat
338 1387 659 1470 latitudoeamporum,
671 1403 777 1471 suopte
793 1387 913 1472 ingenio
926 1389 1126 1452 humentium.

122 1474 291 1540 Addiderat
305 1473 413 1540 Civilis
435 1473 587 1559 obliquam
611 1475 640 1536 in
657 1472 803 1538 Rhenum
826 1475 949 1551 molem,
970 1473 1056 1560 cujus
1069 1474 1128 1536 oh·

118 1561 203 1648 jectu
227 1560 381 1624 revolutus
405 1562 500 1624 amnis
524 1559 730 1645 adjacentibus
754 1557 1030 1643 superfunderetur.
1075 1559 1127 1624 Ea

122 1649 181 1712 loci
198 1647 303 1725 sorma,
316 1646 437 1710 incertis
456 1646 538 1710 vadis
554 1646 680 1710 subdola
695 1660 727 1708 et
742 1646 828 1708 nohis
844 1646 970 1710 adversa
983 1669 990 1710 :
1014 1645 1130 1731 quippe

123 1735 210 1800 miles
226 1733 385 1798 Romanus
401 1733 490 1796 armis
505 1733 603 1814 gravis
623 1747 653 1796 at
669 1731 758 1796 nandi
775 1732 923 1814 pavidus3
947 1731 1130 1809 Germanos,

124 1819 297 1966 flumpnibus
311 1833 423 1896 suetos,
448 1818 555 1884 levitas
570 1839 720 1882 armorum
736 1832 767 1884 et
780 1819 944 1903 proceritas
966 1839 1129 1904 corporum

124 1906 243 1970 attolit.
660 1905 663 1914 “

168 1989 245 2056 XV.
266 1991 371 2074 Igitur,
400 1990 617 2056 lacessentibus
643 1990 780 2069 Batavis,
810 1991 996 2056 ferocissimo
1018 1991 1130 2076 cuique

125 2093 294 2145 nostrorum
310 2093 446 2160 creptum
461 2091 637 2142 certamen:
659 2077 769 2142 deinde
784 2093 849 2142 orta
863 2078 1033 2162 trepidatio,
1057 2077 1130 2142 ciam

126 2166 253 2252 praeitis
269 2163 427 2251 paludibus
442 2185 535 2240 arma,
554 2164 635 2248 equi,
648 2163 846 2228 haurirentur.
892 2163 1036 2228 Germani
1052 2164 1131 2229 notis
1189 2205 1191 2208 -

127 2254 209 2318 vadis
222 2250 436 2337 persultabant,
452 2249 564 2313 omissis
576 2250 754 2335 plerumque
771 2248 879 2328 lronte,
890 2250 982 2316 latera
998 2271 1033 2314 ac
1046 2265 1131 2332 terga

126 2338 398 2404 circumvenientes
409 2327 427 2400 ε’
439 2357 550 2422 neque,
574 2353 606 2400 ut
621 2337 650 2399 iu
666 2337 797 2420 pedestri
815 2335 891 2412 acie,
913 2336 1049 2401 cominus
1063 2347 1131 2400 cer·

126 2427 244 2490 tabatur
254 2445 264 2502 ;
287 2423 340 2488 sed
356 2438 498 2508 tanquam
515 2423 613 2486 navali
631 2421 742 2506 pugnis,
766 2423 832 2504 vagi
849 2423 926 2486 inter
940 2423 1047 2499 undas,
1067 2436 1131 2499 aut,

126 2511 239 2597 siquid
266 2509 371 2574 stehile
395 2509 584 2586 occurrebat,
611 2509 680 2572 totis
705 2509 765 2572 illic
788 2509 964 2592 corporibus
988 2509 1129 2587 nitentes,

127 2597 274 2664 vulnerati
289 2617 359 2660 cum
376 2595 507 2676 integris,
532 2595 618 2680 periti
634 2595 725 2658 naudi
740 2615 810 2660 cum
826 2596 935 2678 ignaris
950 2595 979 2658 in
995 2611 1130 2660 mutuam

88 2719 91 2725 f
128 2685 294 2772 perniciem
324 2682 562 2767 implicabantur.
616 2679 719 2744 Minor
744 2697 856 2758 tamen,
884 2681 973 2766 quiam
1004 2703 1059 2765 pro
1085 2699 1132 2746 tu·
1222 2709 1223 2764 p

129 2773 236 2850 multu,
251 2770 368 2836 credes:
397 2769 477 2854 quia,
498 2790 557 2832 uon
573 2769 635 2832 ausi
652 2767 754 2850 egredi
771 2768 912 2852 paludem
929 2767 1087 2846 Germani,
1101 2767 1132 2830 in
1222 2811 1223 2822 i

127 2875 225 2926 castra
247 2855 374 2922 rediere.
421 2854 497 2940 Ejus
513 2855 603 2940 praelii
620 2869 748 2918 euentus
763 2871 922 2939 utrumque
938 2853 1072 2931 Ducem,
1087 2854 1133 2918 di·

128 2947 221 3012 versis
233 2944 324 3010 animi
336 2942 475 3019 motibus,
492 2942 529 3006 ad
547 2941 756 3004 maturandum
772 2963 896 3004 summe
912 2941 954 3004 rei
970 2941 1131 3004 discrimen

129 3033 237 3100 erexit.
284 3029 390 3094 Civilis
406 3030 516 3092 instare
532 3029 675 3104 sortunae3
706 3026 835 3092 Cerialis
858 3027 979 3090 abolere
1005 3027 1132 3108 ignomi-

127 3121 219 3186 niam.
266 3115 410 3180 Germani
435 3115 584 3201 prosperis
599 3113 733 3191 seroces;
756 3113 914 3179 Romanos
937 3111 1033 3196 pudor
1048 3113 1133 3176 exci-
1203 3163 1207 3172 ,

128 3218 255 3272 taverut.
301 3202 374 3266 Nox
399 3202 478 3286 apud
506 3203 647 3266 barbaros
662 3215 753 3266 cantu
779 3215 830 3266 aut
855 3199 1001 3276 clamore,
1026 3198 1132 3264 nostris

128 3291 271 3379 perirem
288 3303 319 3352 et
335 3289 441 3366 minas,
457 3303 535 3352 acta.

171 3375 262 3440 XVI.
286 3373 508 3453 Posterh-luce,
525 3373 653 3440 Cerialis
668 3373 770 3459 equite
795 3385 827 3438 et
848 3370 1010 3436 auxiliariis
1024 3371 1132 3434 cohor·

129 3466 207 3532 tibus
231 3461 359 3526 sruntem
386 3463 510 3548 explet3
540 3463 569 3526 in
594 3459 731 3526 secundis
756 3460 822 3524 anie
849 3460 983 3542 legiones
1008 3457 1132 3522 locata:

128 3549 205 3617 Dux
220 3549 275 3614 sihi
299 3548 432 3612 delectus
456 3550 617 3614 retinuerat
640 3548 678 3612 ad
704 3547 877 3632 improvisa.
922 3544 1026 3608 Civilis
1053 3544 1133 3609 haud

130 3651 270 3723 porrecto
284 3637 414 3718 agmine,
436 3636 490 3700 sed
516 3637 632 3710 cuneis,
658 3635 759 3700 estitit.
805 3633 914 3698 Batavi
938 3630 1134 3716 Gugernique

129 3724 299 3791 indentro:
320 3723 396 3788 leva
406 3743 444 3786 ac
460 3723 600 3806 propiora
612 3721 742 3786 fluminis
758 3719 983 3787 Transrhenani
996 3717 1133 3784 tenuere.
