2560 4258
168 332 265 402 A.C.
280 337 349 418 69.]
470 335 609 404 Hieros.
631 335 708 404 Lus.
732 335 875 404 Pronus.
1150 341 1172 404 'l

170 501 256 566 siano
279 499 421 564 adversita
438 499 567 566 Galbam
589 516 693 566 votum
720 517 771 566 aut
798 501 925 566 animus.
972 500 1101 586 Quippe
1116 501 1175 568 Tr-

170 601 248 665 tum,
264 587 368 662 filium,
392 587 429 650 ad
446 590 670 652 venerationem
697 591 873 674 cultumque
897 588 963 675 ejus
986 591 1117 667 miserat,
1143 605 1175 655 ut

169 695 228 740 suo
249 674 318 737 loco
341 675 584 738 memorabimus.
630 675 763 738 Occultis
786 677 852 757 lege
872 675 970 739 satiet
993 679 1118 740 ostentis
1141 697 1176 741 ac

170 761 323 844 responsis
339 761 520 824 destinatum
535 759 725 845 Vespasiano
740 763 900 846 liberisque
920 761 984 848 ejus
1001 762 1176 847 Imperium,

171 859 240 932 post
253 845 400 910 fortunam
416 848 608 910 credidimus.

218 930 277 996 Xl.
302 932 382 1016 AEgy
390 949 472 1016 ptum
488 935 663 1018 copiasque,
683 935 791 1018 quibus
806 949 1007 1012 coerceretur,
1026 933 1090 1021 jam
1107 935 1176 998 inde

170 1017 289 1082 aDivo
306 1022 454 1101 Augusto,
481 1019 610 1104 Equites
626 1019 757 1084 Romani
785 1022 922 1086 obtinent
947 1022 1014 1086 loco
1040 1021 1174 1106 Regum.

171 1103 220 1168 Ita
245 1106 341 1168 visum
368 1106 526 1190 expedire,
555 1107 740 1190 provinciam
765 1107 846 1170 aditu
862 1108 1027 1184 difficilem,
1051 1129 1175 1172 annonas

172 1189 358 1269 soecundam,
373 1193 585 1276 superstitione
601 1215 636 1256 ac
653 1194 777 1257 lascivit
788 1195 957 1258 discordem
973 1215 1008 1258 ac
1022 1195 1176 1273 mobilem,

169 1277 295 1341 insciam
313 1279 426 1361 legum,
442 1280 573 1361 ignaram
584 1278 828 1362 Magistratuum,
845 1281 926 1344 domi
939 1282 1078 1344 retinere.
1111 1279 1177 1346 Re·

172 1363 264 1447 gebat
280 1380 342 1426 tum
359 1363 500 1428 Tiberius
517 1367 705 1442 Alexander,
729 1367 865 1451 ejusdem
889 1368 1027 1430 nationis.
1073 1367 1176 1430 Africa

172 1471 210 1514 ao
225 1449 359 1534 legiones
375 1452 404 1513 in
420 1451 468 1528 eia,
487 1450 646 1516 interiecto
661 1452 773 1516 Clodio
789 1452 908 1529 Macro,
924 1468 1066 1516 contenta
1082 1454 1177 1538 quali·

170 1557 304 1621 cumque
335 1536 490 1621 Principe,
526 1552 594 1622 post
624 1542 868 1621 experimentum
899 1539 1012 1602 domini
1042 1540 1176 1602 minoris.

171 1621 252 1686 Dure
268 1622 476 1700 Mauretania,
492 1625 624 1702 Rhaetia,
645 1623 803 1701 Noricum,
827 1625 969 1701 Thracia,
985 1641 1015 1688 et
1032 1647 1097 1710 qua
1113 1627 1176 1690 aliae

172 1706 422 1772 Procuratoribus
442 1712 632 1787 cohibentur,
655 1726 688 1774 ut
703 1715 812 1795 cuique
828 1711 975 1772 exercitui
999 1711 1113 1787 vicinae,
1135 1713 1178 1776 ita

171 1795 203 1858 in
228 1794 362 1859 savorem
393 1812 445 1858 aut
472 1798 575 1860 odium
599 1810 740 1859 contactu
772 1795 970 1858 valentiorum
1000 1796 1176 1876 agebantur.

172 1879 308 1946 Inermes
333 1882 503 1966 provincia,
528 1896 619 1965 atque
634 1883 699 1964 ipsa
717 1883 744 1944 in
763 1883 864 1965 primis
880 1882 975 1957 ltalia,
996 1883 1177 1968 cuicumque

172 1969 293 2032 servitio
309 1968 459 2052 exposita,
482 1969 512 2030 in
530 1969 656 2052 pretium
672 1969 742 2032 belli
759 1990 887 2030 cessurae
903 1983 998 2032 erant.
1045 1967 1105 2032 Hic
1122 1971 1177 2036 luit

172 2075 271 2118 rerum
289 2055 496 2118 Romanarum
520 2068 624 2132 status,
648 2055 717 2119 clun
737 2055 804 2118 Ser.
822 2054 921 2118 Galba
945 2057 1063 2133 iterum,
1087 2055 1177 2120 Titus

174 2139 293 2218 Vinius,
311 2140 473 2218 Consules,
498 2141 679 2205 inchoavere
705 2163 829 2219 annum,
852 2143 907 2206 sibi
927 2143 1076 2222 ultimum,
1100 2141 1177 2210 Rei·

172 2228 300 2311 publicae
319 2227 411 2312 prope
428 2249 614 2311 supremum.

215 2312 290 2377 Xll.
315 2311 426 2377 Paucis
451 2329 518 2397 post
542 2313 697 2378 Kalendas
721 2313 879 2378 Januarias
903 2315 1010 2378 diebus
1032 2314 1175 2398 Pompeii

171 2398 350 2484 Propinqui,
374 2399 591 2476 Procuratoris,
614 2400 777 2481 eBelgicia
791 2402 882 2466 literae
905 2402 1088 2464 afferuntur:
1106 2409 1176 2466 ‘su-

172 2487 296 2569 perioris
321 2487 491 2550 Germania
516 2487 660 2570 legiones,
685 2487 774 2570 rupta
793 2490 971 2552 sacramenti
994 2487 1174 2566 reverentia,

171 2572 388 2657 Imperatorem
405 2575 495 2638 alium
512 2573 658 2654 flagitare,
682 2595 712 2637 et
727 2573 852 2636 Senatui
871 2596 906 2636 ac
923 2573 1044 2658 Populo
1060 2557 1176 2638 Rolna-

170 2682 212 2723 no
227 2661 378 2724 arbitrium
394 2660 524 2742 eligendi
542 2659 715 2743 permittere
727 2659 746 2736 ;'
763 2659 823 2744 qud
838 2661 945 2724 seditio
961 2659 1079 2722 mollitis
1094 2661 1176 2724 acci·

171 2763 302 2829 peretur.
349 2746 514 2810 Maturavit
537 2768 574 2810 ea
597 2767 645 2809 res
659 2745 816 2809 consilium
833 2746 949 2822 Gatuae,
968 2746 1032 2830 jam
1057 2747 1173 2829 pridem

172 2832 211 2892 de
227 2833 389 2914 adoptione
404 2855 508 2896 secum
525 2847 640 2895 etcum
659 2833 802 2914 proximis
818 2834 965 2914 agitantis.
1012 2831 1082 2896 Non
1099 2833 1174 2896 sane

170 2915 303 2976 crebrior
327 2916 391 2979 told
413 2920 535 2982 civitate
561 2940 661 2981 sermo
678 2941 731 3000 per
747 2920 812 2981 illos
837 2940 956 2982 menses
973 2917 1088 2982 suerat:
1114 2919 1174 3002 pri·

173 2999 257 3062 mrim
282 3001 402 3063 licentia
427 3026 463 3066 ac
490 3005 613 3068 libidine
640 3005 708 3068 talia
732 3005 885 3090 loquendi,
912 3006 980 3068 dein
1008 3003 1088 3067 sessa
1108 3008 1174 3090 jam

173 3099 260 3149 aetate
291 3085 407 3147 Galba.
453 3089 563 3152 Paucis
588 3091 735 3175 judicium
767 3107 817 3154 aut
844 3091 1033 3174 Reipublicae
1064 3113 1171 3154 amor:

171 3173 258 3236 multi
282 3170 403 3235 occulta
426 3194 492 3258 spe,
518 3193 603 3255 prout
619 3178 684 3262 quis
703 3178 816 3240 anricus
833 3178 881 3239 vel
897 3178 1002 3253 cliens,
1028 3178 1106 3240 hunc
1123 3178 1173 3242 vel

170 3261 254 3324 illurn
278 3260 440 3324 ambitiosis
464 3263 630 3326 rumoribus
651 3265 850 3340 destinabant,
876 3265 969 3332 etiam,
990 3264 1018 3326 in
1034 3264 1076 3326 Τ.
1089 3262 1171 3328 Vinii

170 3347 284 3425 odium,
309 3348 358 3430 qni
383 3348 411 3411 in
429 3349 493 3412 dies
510 3351 622 3434 quanto
645 3352 805 3434 potentior,
830 3351 938 3414 eodern
958 3364 1026 3414 actu
1052 3351 1173 3414 invisior

170 3447 244 3498 erat.
291 3434 417 3518 Quippe
432 3437 557 3513 hianteS,
571 3438 598 3498 in
613 3436 723 3518 magnis
736 3435 862 3511 fortunia,
876 3437 1039 3500 amicorum
1056 3439 1173 3520 cupidi-

169 3536 245 3585 tates
262 3522 325 3604 ipsa
342 3521 448 3586 Galbae
465 3521 590 3585 facilitas
613 3524 808 3586 intendebat:
831 3523 900 3586 crim
926 3523 1006 3606 apud
1023 3524 1171 3588 infirmum

170 3624 200 3673 et
221 3609 376 3670 credulum
400 3610 514 3672 minore
531 3624 611 3673 rnetu
633 3625 664 3674 et
679 3609 794 3694 majore
817 3611 937 3694 praenrio
954 3625 1142 3693 peccaretur.

214 3693 307 3758 Xlll.
332 3695 473 3758 Potentia
486 3695 678 3780 Principatirs
690 3698 783 3759 divisa
795 3699 824 3760 in
841 3695 883 3760 Τ.
902 3695 1037 3773 Vinium,
1050 3695 1172 3760 Consu-

169 3782 242 3859 lem,
265 3796 296 3844 et
311 3779 489 3844 Cornelium
514 3781 682 3859 Laconem,
706 3783 839 3847 Praetorii
861 3781 1054 3847 Praeiectum.
1101 3782 1169 3848 Neo

169 3868 266 3932 miuor
288 3869 381 3951 gratia
397 3867 491 3945 lcelo,
508 3865 614 3933 Galba
639 3871 757 3949 liberto,
774 3892 864 3956 quem
883 3870 999 3934 annulis
1015 3870 1169 3950 donatum,
