2556 4446
470 399 725 444 nonas.-noox
747 399 801 442 111.
1078 375 1143 438 285

191 545 344 610 Capaajanr
355 543 461 608 imperii
472 542 548 605 alter]
584 541 661 592 Titus
672 541 724 594 hed
733 538 825 592 served
836 538 863 588 in
874 537 917 588 the
928 538 995 588 rank
1005 539 1035 588 oi
1040 539 1156 604 military

157 625 258 678 tribune
267 629 294 678 in
306 627 407 678 Britain
420 641 449 676 as
460 627 518 676 well
530 625 595 676 asin
607 627 749 688 Germauy‚
757 622 809 672 and
818 635 885 686 gave
894 621 966 685 early
975 620 1062 685 proois
1070 621 1100 670 oi
1113 621 1156 672 the
1251 613 1252 616 ’

156 709 257 760 modest
266 710 341 759 merit
351 709 405 758 that
416 708 608 772 distinguished
619 708 659 757 his
669 707 813 756 character.

189 791 258 842 Sect.
269 791 306 842 80.
324 794 358 840 la
368 792 470 841 modam
477 789 628 855 mantiam]
662 782 747 852 idest,
761 787 887 837 amabant
897 792 1022 836 vetereet
1032 791 1158 836 notaeas·

156 879 203 935 tra,
211 874 287 936 juxta
298 888 329 923 ac
339 887 401 924 snas
409 874 485 924 aedea.

187 953 256 1005 Sect.
266 956 306 1005 81.
325 955 430 1020 Beryti]
463 955 531 1008 Now
543 959 651 1022 Beyroot
662 954 690 1005 in
701 953 843 1006 Phoenicia.

188 1035 256 1086 Sect.
266 1037 306 1088 83.
327 1039 435 1088 Classem
445 1053 458 1087 e
469 1038 564 1101 Poeta]
599 1037 718 1100 intellige
732 1036 921 1106 classemque
936 1033 1061 1098 Romanis
1077 1031 1158 1082 etiam

156 1117 211 1169 illio
222 1119 363 1182 ordinaria,
375 1120 409 1170 ad
419 1121 545 1176 tuendum
555 1119 633 1170 Ponti
643 1133 726 1169 oram.

189 1200 257 1252 Sect.
274 1203 313 1252 85.
331 1199 532 1264 imbuitesaaore
546 1201 664 1264 ortoats]
698 1201 727 1252 ld
738 1207 783 1263 est,
794 1200 821 1250 in
834 1200 972 1252 Othonem.

188 1285 356 1334 Protarbatis
366 1285 412 1348 qai
423 1286 452 1334 de
466 1284 572 1348 Otboae]
606 1285 636 1335 Id
650 1290 697 1348 est,
714 1283 807 1348 spretis
825 1283 986 1346 rejectisque,
1002 1280 1048 1344 qui
1058 1280 1157 1331 rictum

157 1379 217 1416 eum
228 1374 254 1416 et
264 1366 361 1416 vixisse
371 1367 499 1418 dicebant.

188 1450 265 1498 Posse
281 1449 411 1512 imputari
428 1449 592 1514 Vespasiano]
626 1451 705 1502 Posse
716 1448 840 1513 imputari
851 1445 1022 1511 Vespasiano,
1033 1446 1108 1510 quasi
1118 1461 1158 1496 ar·

156 1538 283 1594 gumenta
292 1531 361 1596 fidei,
373 1547 429 1598 que
440 1533 508 1599 apud
519 1533 667 1594 Vitellium,
676 1540 704 1582 ut
715 1531 827 1581 cumina
835 1537 909 1580 erant
918 1529 1077 1578 excusanda.
1107 1551 1110 1556 ,

117 1617 119 1622 “
149 1635 151 1638 ·
189 1613 258 1665 Sect.
278 1615 319 1666 86.
338 1616 552 1678 aggrediamur]
587 1613 766 1677 Vespasianus
784 1612 884 1662 scilicet
899 1619 924 1668 et
942 1610 1023 1662 ceteri
1042 1609 1157 1674 partium

156 1694 310 1760 ejusduces.
707 1701 709 1710 ’

185 1775 254 1826 Sect.
270 1777 311 1825 99.
329 1778 521 1840 Damambita]
555 1777 672 1840 Passire,
682 1777 910 1836 sicutcomitata„

190 1857 288 1908 Solita
303 1857 418 1923 offensis]
452 1861 478 1907 is
489 1867 542 1910 erat
554 1861 672 1910 Vitellius
687 1861 730 1923 qui
742 1861 772 1908 ab
783 1860 882 1908 offensis
893 1863 919 1908 et
929 1861 966 1908 ira
977 1860 1006 1906 nd
1022 1860 1156 1920 intempes-

157 1941 220 1991 tivas
231 1942 369 2005 nimiasque
381 1943 511 1992 blandities
521 1943 653 2005 transiret3
669 1944 704 1994 ita
715 1949 883 2006 utnusquam
894 1951 963 1992 certa
974 1949 1040 1992 esset
1051 1959 1109 1991 cunr
1127 1957 1157 1991 eo

154 2025 293 2075 aulicorum
305 2026 390 2090 gratia.

188 2105 343 2170 Ambitios'oa
354 2107 440 2171 eleos]
474 2109 526 2160 Hic
538 2110 765 2160 ambitiosoeeinrta
772 2111 876 2160 occultis
887 2116 970 2161 noster
980 2111 1094 2175 opponit;
1111 2123 1157 2174 per

156 2191 304 2242 ambitiosos
314 2193 388 2242 tinae
400 2181 518 2258 intelligit
530 2196 596 2244 adea
606 2195 661 2242 illes
669 2208 725 2256 quae
737 2195 816 2257 plebis
824 2195 909 2244 oculos
919 2179 1040 2243 detinent.
1074 2193 1102 2240 Id
1110 2198 1157 2248 eal,

156 2273 221 2322 vlles
232 2275 272 2322 isti
284 2275 359 2324 enimi
377 2277 461 2340 legero
478 2277 573 2326 irritem
590 2269 721 2334 iaciebant,
737 2278 790 2326 aira
810 2279 943 2340 pecuniam
958 2278 1075 2326 obscuros
1091 2275 1157 2338 apud

156 2356 266 2420 privatos
278 2358 397 2415 abdenda,
408 2359 461 2407 aive
474 2360 538 2422 apud
550 2361 652 2408 nobiles.

189 2439 257 2489 Sect.
268 2442 307 2488 99.
325 2437 469 2501 infamibus
487 2441 611 2492 Vaticani
629 2441 701 2504 loeis]
735 2441 791 2490 The
807 2442 878 2490 lande
896 2441 976 2490 round
995 2440 1037 2488 the
1050 2439 1157 2488 vatican

154 2535 224 2571 were
241 2522 353 2572 covered
364 2521 428 2572 with
446 2523 584 2587 stagnated
599 2533 688 2588 water,
699 2524 750 2574 and
766 2524 809 2574 the
824 2524 872 2586 air,
885 2524 917 2574 oi
930 2537 1030 2585 course,
1045 2536 1099 2571 was
1109 2535 1156 2571 un·

155 2603 319 2654 wholesome.
595 2632 598 2637 ·
715 2615 716 2618 ’

186 2686 255 2738 Sect.
267 2689 307 2739 95.
325 2691 471 2754 Palatinos,
483 2691 630 2753 Patrobios]
663 2689 723 2740 The
741 2690 865 2754 Polycleti
881 2688 933 2740 and
947 2687 1070 2739 Patrobii
1086 2701 1155 2738 were

153 2769 414 2824 ireedmenosNe-ro.
1167 2775 1169 2778 '

186 2853 253 2902 Sect.
265 2856 304 2903 99.
326 2855 425 2902 Ceeiace
441 2853 548 2902 ambitio
564 2853 647 2915 oetas]
681 2852 736 2904 Hic
753 2861 840 2902 noster
857 2853 980 2917 intelligit
995 2861 1069 2903 vetus
1084 2855 1155 2904 obse·

153 2932 253 2996 quium,
265 2941 290 2982 et
304 2933 416 2982 nimiam
431 2933 585 2984 facilitatem
596 2935 706 2985 Caecina
724 2948 788 2998 erga
802 2947 862 2982 suos
877 2935 980 2995 milites,
999 2935 1092 2996 quihus
1102 2936 1155 2999 ple-

152 3013 229 3065 cendi
237 3013 287 3064 suit
297 3029 399 3078 semper
413 3015 550 3078 studiosus,
568 3017 707 3068 mollitiam
719 3029 798 3081 quam
808 3023 925 3067 recenter
941 3023 1106 3066 contraxerat
1121 3031 1155 3066 ex

152 3110 203 3147 usu
213 3097 375 3160 voluptatum
387 3106 413 3147 et
422 3099 725 3164 indulgeatiafortaaa.

184 3178 252 3232 Sect.
266 3180 320 3230 100.
336 3180 488 3242 Hostiliam]
523 3181 549 3232 A
566 3183 665 3245 village
682 3197 717 3234 on
737 3182 780 3232 the
795 3182 847 3245 1³⁰3
864 3195 925 3232 now
948 3180 1072 3244 Ostiglia,
1090 3193 1154 3230 usar

152 3259 285 3313 Cremona
295 3261 323 3313 iu
334 3261 377 3313 the
388 3261 483 3328 Duchy
493 3263 524 3314 of
530 3264 653 3316 Mantua.

571 3505 674 3556 BOOK
692 3505 738 3556 111.

181 3625 250 3674 Sect.
269 3626 290 3674 l.
308 3624 484 3688 Petobionem]
519 3624 587 3674 Now
595 3627 704 3689 Pectore,
715 3633 807 3675 atown
819 3641 851 3676 on
861 3625 904 3676 the
914 3626 1011 3678 Drave.

185 3705 253 3756 Seot.
264 3707 287 3755 9.
310 3706 473 3770 Utriamqae]
491 3707 598 3758 Scilicet
608 3697 1153 3773 abGermaniaBritanniaque‚eteGalliis

149 3786 353 3852 Hispaniisque.

182 3870 213 3920 »Si
223 3885 349 3918 numeras
359 3870 487 3934 militam]
520 3871 645 3922 Vitellius
661 3871 715 3921 had
726 3871 808 3938 under
818 3871 859 3924 his
876 3874 1014 3923 command
1024 3888 1040 3923 a
1049 3879 1151 3935 greater

144 3952 255 4002 number
266 3951 296 4001 os
309 3953 409 4016 legions
425 3954 488 4012 thau
503 3954 659 4026 Vespasian,
677 3954 722 4006 hut
739 3954 780 4012 his
796 3955 898 4028 legions
914 3955 1052 4007 contained
1069 3968 1086 4004 a
1101 3953 1153 4008 lesa

142 4036 254 4089 number
264 4035 295 4087 oi
302 4049 370 4090 mea.
