2514 4318
431 187 476 229 on
499 163 655 232 Mostene
678 156 880 228 Guauaurm.
1035 115 1041 122 ι
1094 167 1157 230 211

153 333 237 398 bito:
261 349 434 416 quanquam
456 322 595 404 Peucmi,
616 349 691 413 quos
714 327 836 414 quidam
859 326 1022 392 Bastarnas
1041 344 1159 409 vocant,

155 438 307 494 sermone,
318 417 413 492 cultu,
428 416 502 478 sede
513 436 549 478 ac
565 414 735 492 domiciliis,
747 429 779 478 ut
792 415 937 478 Germani
950 429 1051 496 agunt.
1089 415 1161 479 Sor-

156 505 211 568 des
226 503 360 568 omnium
376 523 412 564 ac
427 515 529 586 torpor
545 522 723 584 procerumt
744 501 901 564 connubiis
918 501 1030 577 mixtis,
1054 502 1161 565 nonni·

157 589 200 654 hil
215 589 245 652 in
261 589 466 652 Sarmatarum
481 587 615 650 habitum
632 577 816 665 loedlrnturl(
839 585 960 650 Venerli
975 587 1104 650 multum
1121 608 1162 650 ex

157 676 289 740 moribus
301 689 465 738 traxerunt.
511 671 593 736 Nam
609 673 752 758 quicquid
767 674 845 737 inter
856 671 1009 738 Peucinos
1024 671 1163 736 Fennos-

181 781 218 825 ue
243 761 394 844 sylvarum
421 781 457 823 ac
482 759 629 823 montium
649 760 788 841 erigitur,
811 760 972 824 latrociniis
996 773 1162 841 pererrant.

158 783 202 916 lli
227 848 423 922 tamenintcr
438 845 610 912 Germanos
633 845 732 928 potitis
758 844 937 928 reseruntur,
965 847 1033 932 quia
1054 861 1083 910 et
1109 846 1163 909 do-

160 955 227 998 mos
242 933 357 1016 fingunt
381 947 412 996 et
437 945 522 995 scuta
537 944 656 1014 gestant
678 945 710 994 et
732 932 846 1018 pedum
863 953 918 994 usu
934 953 970 995 ac
986 933 1163 1015 pernicitate

159 1018 312 1102 gaudent3
344 1040 409 1104 quae
435 1018 536 1104 qmnia
558 1017 675 1081 diversa
691 1011 846 1083 -Sarmatis
872 1031 952 1095 sunt,
977 1019 1007 1080 in
1032 1019 1166 1103 plaustro

160 1126 300 1190 equoque
313 1099 493 1168 viventibus.
538 1101 654 1166 Fennis
670 1103 743 1167 mira
758 1103 869 1182 feritas,
886 1103 967 1168 lurda
983 1119 1162 1188 paupertas:

160 1213 220 1254 non
244 1211 337 1268 arma,
360 1213 419 1253 non
436 1191 517 1276 equi,
540 1211 600 1253 non
616 1189 768 1255 Penates:
801 1191 893 1254 victui
920 1191 1024 1268 herba,
1044 1191 1165 1254 vestitui

160 1277 267 1362 pelles,
294 1277 393 1340 cubile
420 1277 552 1340 humus:
581 1275 644 1339 sola
667 1277 697 1340 in
713 1277 826 1360 sagittis
849 1297 930 1361 spes,
954 1299 1038 1362 quas,
1062 1277 1166 1364 inopia

161 1362 240 1440 ferri,
256 1363 371 1426 ossibus
387 1377 537 1446 asperent.
583 1361 731 1446 Idemque
754 1378 878 1428 venatus
895 1364 973 1426 viros
997 1365 1106 1445 pariter
1129 1385 1166 1426 ac

161 1447 300 1514 foeminas
316 1450 378 1512 alit.
425 1449 543 1512 Passim
559 1449 639 1510 enim
655 1448 846 1524 comitantur,
865 1462 1042 1532 partemque
1060 1449 1166 1532 praedae

161 1547 281 1620 petunt.
327 1533 395 1597 Nec
417 1534 498 1598 aliud
523 1532 684 1596 infantibus
705 1533 834 1596 serarum
857 1533 1057 1616 imbriumque
1073 1533 1166 1596 suffu-

162 1622 257 1703 gium,
273 1619 364 1702 quem
380 1633 412 1680 ut
428 1620 457 1680 in
473 1619 572 1702 aliquo
587 1639 737 1681 ramorum
760 1639 841 1681 nexu
868 1632 1083 1700 contegantur:
1106 1619 1166 1682 huc

163 1705 293 1769 redeunt
304 1705 444 1787 juvenes,
471 1704 530 1766 hoc
554 1724 659 1766 senum
682 1703 921 1786 receptaculum.
967 1703 1029 1766 Sed
1051 1705 1166 1768 beatius

165 1789 353 1864 arbitrantur,
371 1788 461 1873 quiam
477 1790 630 1870 ingemere
647 1790 735 1872 agris,
751 1789 906 1853 illaborare
923 1789 1072 1868 domibus,
1096 1812 1166 1854 suas

165 1875 338 1959 alienasque
351 1875 483 1938 fortunas
494 1895 549 1958 spe
566 1889 709 1960 metuque
725 1897 856 1940 versare.
902 1875 1007 1940 Securi
1023 1878 1167 1941 adversus

165 1959 315 2038 homines,
340 1962 437 2024 securi
461 1960 604 2024 adversus
620 1961 716 2041 Deos,
742 1984 807 2026 rem
823 1963 1015 2027 dificillimam
1039 1965 1168 2030 assecuti

166 2059 247 2124 sunt,
259 2059 292 2110 ut
303 2047 360 2110 illis
375 2068 414 2109 ne
431 2062 501 2110 voto
538 2047 638 2111 uidem
654 2071 729 2134 opus
745 2064 836 2114 esset.
882 2048 996 2114 Cetera
1007 2050 1071 2136 jam
1084 2051 1168 2114 labu-

167 2133 249 2200 losa:
274 2131 448 2196 ‘Hellusios
464 2147 495 2196 et
515 2069 652 2197 gunnas
667 2157 718 2198 ora
738 2136 893 2199 hominum
910 2137 1080 2221 vultusque,
1102 2159 1169 2200 cor-

167 2239 240 2303 pota
256 2231 346 2304 atque
362 2235 442 2282 artus
458 2218 598 2297 serarum,
614 2242 718 2304 gerere
732 2221 751 2286 τ’
776 2221 856 2308 quod
871 2243 940 2306 ego,
952 2237 985 2286 ut
1000 2223 1169 2309 incomper-

167 2318 243 2383 tum,
259 2305 288 2370 in
304 2307 436 2370 medium
453 2305 630 2394 relinquam.
