2484 4316
130 273 223 343 Μ.
238 273 308 356 70.]
332 281 334 286 ’
409 269 550 336 Hrsnun.
574 268 650 335 Lrs.
675 267 850 344 Quantus.
1071 271 1134 334 175

132 461 193 526 que
209 437 327 503 interim
343 435 493 520 dispersos
509 434 537 497 in
555 433 693 497 domibus
709 432 879 496 Germanos
901 431 1135 497 trucidaverant.

134 525 228 592 Unde
243 539 343 598 metus
359 536 390 584 et
401 521 490 606 justae
506 542 614 604 preces
629 521 844 598 invocantium,
854 535 1014 604 antequam
1026 520 1140 597 hostes,

134 611 279 698 reparatis
296 609 418 684 viribus,
442 607 479 670 ad
503 629 589 691 spero
606 607 654 670 vel
679 607 717 668 ad
734 607 879 670 ultionem
903 608 1141 689 accingerentur.

136 699 280 782 Namque
296 710 326 760 ct
341 693 449 758 Civilis
467 693 538 756 illuc
559 693 741 771 intenderat,
757 714 816 756 non
839 693 998 770 invalidus,
1014 693 1142 773 flagran-

136 783 251 851 tissimis
265 781 434 846 cohortium
455 801 574 844 suerum
598 778 733 862 integri:
758 801 823 864 quae
839 801 878 843 ex
896 778 1030 843 Chaucis
1045 777 1139 842 Frisi-

137 873 223 958 isque
237 868 416 952 composita,
431 865 583 945 Tolbiaci,
599 866 628 930 in
644 867 752 928 finibus
774 867 1053 951 Agrippinensium,
1069 887 1141 948 age·

137 958 201 1022 bat.
248 955 309 1020 Sed
326 955 416 1019 tristis
438 954 558 1016 nuntius
581 953 698 1030 avertit,
716 953 869 1016 ‘deletam
892 953 1049 1016 cohortem
1072 953 1143 1016 dolo

137 1041 403 1128 Agrippinensium
415 1039 435 1103 :'
459 1040 510 1124 qui
536 1040 625 1124 largis
649 1040 745 1125 epulis
768 1040 900 1124 vinoque
924 1040 1038 1124 sopitos
1064 1038 1144 1102 Ger-

138 1150 255 1206 manos,
281 1128 389 1191 clausis
414 1125 537 1204 foribus,
564 1127 633 1208 igne
663 1125 785 1212 injecto,
811 1125 999 1190 cremavere.
1045 1126 1143 1190 Simul

139 1213 536 1299 Cerialisproperoagmiue
548 1213 699 1276 subvenit.
746 1211 1144 1278 CircumsteteratCivilem

139 1317 171 1367 et
186 1302 262 1367 alius
278 1315 388 1379 metus,
404 1322 443 1364 ne
459 1300 684 1384 quartadecima
702 1299 793 1382 legio,
809 1299 953 1386 adjuncti
967 1299 1144 1364 Britannici

139 1389 249 1466 classe,
265 1387 422 1450 afflictaret
444 1385 591 1458 Batavos,
619 1385 679 1470 quai
704 1385 832 1449 Oceano
852 1387 1034 1450 ambiuntur.
1080 1385 1144 1449 Sed

139 1477 292 1561 legionem
308 1472 441 1536 terrestri
455 1473 562 1536 itinera
578 1471 692 1535 Fabius
708 1471 841 1549 Priscus,
857 1471 1004 1557 Legatos,
1020 1473 1049 1535 in
1065 1471 1146 1536 Ner·

139 1563 204 1626 vics
232 1560 437 1644 Tungrosque
467 1559 574 1622 duxit:
602 1579 706 1642 eaeque
736 1559 874 1621 civitates
898 1559 927 1621 in
959 1559 1143 1622 deditionem

141 1661 294 1732 acceptae:
318 1645 446 1708 classem
470 1642 548 1707 ultrb
574 1642 790 1708 Canninefates
815 1645 946 1727 aggressi
971 1657 1058 1708 sunt:
1083 1665 1147 1707 ma·

138 1734 247 1820 jorque
275 1752 342 1813 pars
364 1731 486 1794 navium
510 1731 653 1814 depressa
676 1744 728 1792 aut
753 1745 850 1814 capta.
896 1729 939 1794 Et
962 1729 1146 1794 Nerviorum

142 1818 377 1892 multitudinem,
392 1829 500 1900 sponte
522 1829 717 1892 commotam,
733 1830 766 1880 ut
789 1838 844 1900 pro
862 1814 1009 1880 Romanis
1031 1817 1146 1880 bellum

143 1917 328 1988 capesseret,
344 1903 435 1966 iidem
451 1902 669 1967 Canninefates
693 1902 809 1966 fudere.
856 1901 1010 1968 Classicus
1026 1923 1148 1989 quoque

144 1989 288 2055 adversris
301 1989 428 2073 equites,
441 1988 609 2053 Novesium
622 2012 640 2052 a
651 1988 773 2053 Ceriale
789 1991 967 2074 praemissos,
978 1992 1148 2055 secundum

145 2077 279 2164 prelium
310 2074 400 2140 lecit:
425 2099 490 2161 quae
520 2077 651 2153 modica,
681 2076 735 2140 sed
761 2077 876 2156 crebra,
901 2077 1010 2141 damna
1037 2077 1148 2141 samam

144 2163 285 2237 victoriae,
301 2183 398 2247 nuper
412 2179 513 2246 parte,
529 2162 711 2226 lacerabant.

191 2247 330 2313 LXXX.
354 2249 465 2313 lisdem
482 2250 590 2314 diebus
604 2249 767 2313 Mucianus
781 2249 896 2314 Vitellii
912 2251 1005 2314 filium
1021 2251 1148 2316 interfici

141 2336 250 2424 jubet:
275 2357 445 2399 mensuram
470 2336 649 2400 discordiam
676 2336 854 2415 obtendens,
885 2338 915 2400 ni
939 2338 1054 2401 semina
1077 2338 1149 2401 belli

147 2422 342 2487 restinxisset.
388 2421 499 2508 Neque
515 2424 681 2487 Antonium
698 2423 833 2487 Primum
853 2425 939 2488 asciri
962 2425 1040 2488 inter
1054 2425 1149 2488 comi·

147 2524 193 2574 tes
213 2531 232 2572 a
255 2509 432 2573 Domitiano
454 2529 558 2594 passus
588 2523 655 2574 est:
680 2510 781 2574 favore
809 2511 936 2574 militum
967 2512 1086 2590 auxius,
1116 2525 1148 2575 et

147 2595 288 2681 superbiit
303 2596 366 2672 viri,
383 2598 541 2680 aequalium
568 2618 699 2681 quoque,
726 2597 804 2660 aded
828 2599 1027 2683 superiorum,
1043 2599 1151 2662 intole-

148 2683 249 2746 rantis.
295 2681 456 2748 Profectus
478 2684 516 2747 ad
531 2682 751 2768 Vespasianum
769 2684 930 2761 Antonius,
951 2699 984 2747 ut
1008 2707 1068 2748 non
1095 2705 1150 2769 pro

148 2789 202 2853 spe
226 2767 282 2832 sui
311 2769 470 2852 excipitur,
499 2771 541 2833 ita
570 2791 669 2853 neque
696 2791 802 2832 averso
826 2769 1018 2854 Imperatoris
1038 2772 1149 2834 animo.

147 2855 340 2919 Trahebatur
362 2856 391 2918 in
408 2856 544 2919 diversa:
567 2856 637 2919 hinc
660 2857 772 2918 meritis
788 2856 924 2932 Antonii,
947 2856 1032 2942 cujus
1056 2858 1150 2920 ductu

115 2983 120 2992 ·
149 2941 323 3006 confectum
341 2942 422 3005 haud
438 2942 529 3005 dubiis
545 2943 656 3006 bellum
674 2956 749 3018 erat,
760 2939 831 3004 inde
848 2941 981 3005 Muciani
998 2943 1150 3026 epistolis:

150 3029 238 3092 simul
253 3029 358 3104 ceteri,
374 3043 407 3092 ut
429 3028 593 3092 ‘infestum
615 3028 835 3112 tumidumque'
851 3028 1083 3106 insectabantur,
1099 3029 1152 3092 ad·
1229 3027 1233 3034 ⁴

147 3115 259 3202 junctis
285 3115 389 3199 prioris
406 3116 473 3180 vite
497 3116 690 3180 criminibus:
715 3115 902 3200 nequeipse
930 3117 1045 3193 deerat,
1072 3137 1153 3179 arro·

150 3199 252 3286 gentili
264 3223 372 3265 vocare
384 3203 525 3280 offensas,
537 3203 644 3266 nimius
653 3202 937 3280 commemorandis,
948 3223 1013 3288 quae
1025 3204 1149 3266 meruis-

150 3302 209 3352 set.
255 3289 353 3364 Alios,
380 3303 413 3352 ut
443 3289 624 3365 ‘imbelles'
655 3289 819 3366 Caecinam,
849 3303 883 3352 ut
913 3290 1086 3373 ‘captivum
1117 3313 1153 3354 ac

151 3374 350 3452 dediticium,'
381 3376 528 3461 increpat.
582 3375 676 3439 Unde
711 3376 851 3460 paulatim
882 3376 977 3441 levior
1007 3379 1153 3464 viliorque

152 3463 266 3537 haberi,
284 3477 425 3526 manente
437 3480 537 3528 tamen
554 3464 732 3548 inspeciem
749 3463 890 3526 amicitid.

196 3547 354 3612 LXXXl.
378 3549 442 3613 Per
456 3571 510 3615 eos
526 3571 656 3628 menses,
673 3551 779 3635 quibus
797 3549 1003 3635 Vespasianus
1018 3552 1155 3617 Alexan·

153 3635 224 3700 driae
239 3651 332 3700 statos
349 3637 456 3700 estivis
471 3636 592 3702 flatibus
607 3638 682 3712 dies,
695 3652 725 3699 et
740 3651 823 3700 certa
835 3640 923 3701 maris
935 3641 1154 3723 opperiebatur,

153 3724 248 3788 multa
264 3724 406 3788 miracula
422 3724 565 3802 evenire,
576 3722 642 3810 quis
656 3725 726 3788 coeli
744 3725 827 3787 favor
842 3741 872 3789 et
887 3727 1022 3812 quaedam
1033 3727 1062 3789 iu
1077 3726 1156 3790 Ves-

153 3811 310 3897 pasianum
339 3811 493 3876 inclinatio
518 3809 685 3876 Numicum
712 3811 935 3876 ostenderetur.
981 3812 1033 3876 Ex
1064 3814 1153 3898 plebe
1230 3849 1231 3853 =
