2508 4254
89 177 125 240 A.
140 173 179 242 C.
194 176 264 260 69.]
374 173 518 240 Hieros.
541 173 617 241 Lra.
640 173 806 242 Tanatus.
1041 181 1084 243 95

90 340 258 418 victoriam,'
286 341 393 405 etalio
422 339 631 427 hujuscemodi
656 341 870 426 praetexend03
900 342 953 405 sed
985 343 1088 424 gloriae

90 429 199 505 avidus,
218 445 307 513 atque
322 449 412 491 omne
429 429 497 491 belli
513 429 608 493 decus
623 429 677 493 sibi
694 430 835 493 retinens.
881 428 1027 493 Ceteritm
1044 451 1084 494 ex

18 585 19 592 ,
90 516 258 580 distantibus
268 532 413 579 terrarum
430 515 541 599 spatiis,
556 517 678 580 consilia
695 531 763 600 post
774 537 822 580 res
837 517 1047 580 afferebantur.

129 600 184 666 IX.
209 601 300 686 Igitur
315 601 471 686 repentino
493 602 611 666 incursu
628 603 775 666 Antonius
797 603 938 667 stationes
957 604 1085 666 bostium

88 690 229 774 irrumpit,
245 690 426 773 tentatisque
442 689 499 752 levi
516 691 613 774 prelio
629 690 797 764 animiscit
809 711 894 774 aequo
906 690 1084 754 discessum.

87 775 161 841 Mox
178 775 301 839 Caeoina
317 776 394 838 inter
414 773 584 854 Hostiliam,
609 777 709 839 vicum
724 774 956 852 Veronensium,
980 791 1010 840 et
1032 797 1087 861 pa·

86 863 171 927 ludes
185 861 305 926 Tartari
321 861 461 939 fluminis,
487 878 584 926 castra
600 863 781 949 permuniit;
807 877 886 926 tutus
910 863 988 939 loco,
1013 863 1084 927 cirin

86 968 168 1032 terga
182 949 319 1027 flumine,
346 949 438 1012 latera
462 949 581 1036 objectu
607 949 724 1034 paludis
747 965 938 1031 tegerentur:
965 949 1046 1035 qudd
1062 951 1086 1014 si

88 1037 218 1101 affuisset
234 1037 320 1114 fides,
345 1050 396 1099 aut
420 1037 547 1120 opprimi
570 1037 712 1100 universis
729 1034 959 1100 Vitellianorum
976 1037 1087 1102 viribus

87 1124 152 1188 duae
166 1123 312 1206 legiones,
324 1122 456 1186 nondum
468 1122 630 1208 conjuncto
645 1123 775 1186 Moesioo
790 1125 937 1202 exercitu,
950 1123 1086 1208 potufire,

88 1225 138 1280 aut
152 1209 232 1273 retro
246 1225 334 1287 aotae,
350 1207 472 1272 desertis
494 1209 590 1287 ltalia,
605 1225 723 1295 turpem
741 1209 841 1292 sugam
858 1211 1086 1275 conscivissent.

88 1297 148 1361 Sed
175 1296 311 1374 Caecina,
338 1296 512 1380 pervarias
538 1319 648 1374 moras,
675 1298 771 1382 prima
798 1298 931 1361 hostibus
958 1297 1088 1382 prodidit

86 1400 221 1469 tempora
236 1384 317 1461 belli,
334 1384 418 1459 dum,
430 1405 505 1468 quos
520 1385 609 1448 armis
626 1383 738 1468 pellere
756 1402 905 1468 promtum
921 1397 995 1462 erat,
1008 1386 1089 1468 epis·

87 1472 153 1535 tolis
168 1471 313 1554 increpat,
340 1471 439 1533 donec
466 1491 521 1554 per
546 1472 664 1534 nuntios
688 1487 774 1554 pacta
799 1471 928 1555 perfidia
944 1471 1087 1534 firmaret.

87 1557 207 1622 Interim
225 1557 362 1642 Aponius
378 1556 556 1620 Saturninus
579 1579 648 1621 oum
672 1557 791 1641 legione
818 1557 947 1640 septimb
962 1556 1090 1620 Claudi·

88 1643 145 1708 anfi
160 1645 296 1708 advenit:
321 1644 430 1728 legioni
446 1643 599 1707 Tribunus
612 1642 775 1728 Vipstanus
790 1641 935 1707 Messalla
953 1658 1089 1727 praeerat,

87 1731 173 1795 claris
189 1731 359 1818 majoribus,
382 1732 520 1812 egregius
543 1731 620 1815 ipse,
647 1745 677 1793 et
700 1730 750 1814 qui
774 1730 854 1793 solus
876 1730 913 1792 ad
931 1731 960 1794 id
978 1731 1089 1794 bellum

86 1833 165 1882 artes
181 1819 274 1882 bonas
290 1817 446 1882 attulisset.
493 1816 559 1880 Has
575 1817 612 1880 ad
628 1817 741 1900 copias,
759 1815 951 1902 nequiquam
970 1815 1091 1881 Vitelli·

87 1905 150 1968 anis
166 1925 253 1987 pares
280 1904 408 1989 (quippe
432 1918 493 1966 tres
516 1903 614 1967 adbuc
630 1903 764 1986 legiones
780 1909 890 1984 erant,)
915 1904 994 1968 misit
1010 1904 1091 1988 epis·

86 1991 163 2056 tolas
178 1990 313 2068 Cecina,
339 1990 558 2054 ‘temeritatem
582 1991 662 2054 victa
685 2011 768 2054 arma
790 1990 989 2055 tractantium'
1006 1991 1090 2054 incu-

86 2099 174 2142 sans:
198 2077 285 2142 simul
312 2077 423 2140 ‘virtus
439 2075 613 2140 Germanici
630 2076 790 2141 exercitds'
814 2077 951 2141 laudibus
973 2077 1090 2142 attolle-

86 2165 193 2241 batur;
218 2163 333 2227 Vitellii
349 2162 470 2226 modios
492 2179 522 2227 et
545 2165 658 2246 vulgari
675 2165 838 2242 mentione,
854 2163 938 2228 nullfi
962 2165 991 2227 in
1010 2162 1091 2230 Ves-

87 2249 460 2335 pasianumcontumeliit:
485 2249 558 2312 nibil
575 2271 704 2334 prorsus,
721 2250 801 2336 quod
818 2266 869 2314 aut
883 2265 1090 2334 corrumperet

87 2339 218 2413 bostem,
230 2351 282 2400 aut
297 2351 433 2400 terreret.
479 2335 691 2400 Flavianarum
709 2338 836 2421 partium
850 2337 968 2414 Duces,
980 2337 1092 2402 omissis

85 2423 192 2509 prioris
208 2422 331 2486 fortuita
347 2423 533 2500 defensione,
560 2445 614 2507 pro
631 2422 821 2508 Vespasiano
845 2423 1014 2507 magnifice,
1039 2446 1092 2508 pro

86 2508 183 2574 causis
195 2509 334 2588 fidenter,
358 2510 396 2574 de
423 2511 556 2573 exercitu
573 2510 681 2587 securi,
705 2512 734 2573 in
749 2509 904 2574 Vitellium
922 2526 954 2575 ut
969 2511 1091 2589 inimici,

87 2595 309 2682 presumsdre3
332 2595 412 2660 laotfi
435 2596 578 2660 Tribunis
594 2595 889 2682 Centurionibusque
912 2598 1091 2676 ‘retinendi,

86 2705 155 2768 quae
173 2681 313 2749 Vitellius
328 2683 519 2760 indulsisset,’
542 2705 616 2766 spe:
641 2699 730 2768 atque
746 2684 844 2768 ipsum
861 2683 1016 2748 Caeoinam
1031 2705 1091 2748 non

84 2769 218 2834 obscuris
244 2771 282 2833 ad
309 2770 508 2834 transitionem
525 2770 727 2835 hortabantur.
774 2769 921 2835 Recitata
942 2793 994 2855 pro
1020 2791 1093 2834 con-

84 2858 178 2920 cione
204 2857 335 2941 epistole
352 2856 496 2920 addidere
518 2857 672 2932 fiduciam,
689 2857 770 2941 qudd
793 2857 940 2921 submisse
956 2856 1090 2934 Coecina,

84 2943 176 3008 velut
189 2944 345 3006 offendere
360 2941 580 3028 Vespasianum
597 2945 715 3020 timens,
743 2946 875 3027 ipsorum
898 2943 1004 3007 Duces
1019 2965 1092 3006 con-

88 3031 221 3107 temtim,
237 3045 377 3115 tanquam
393 3030 569 3094 insultantes
585 3029 717 3106 Vitellio,
734 3031 930 3114 scripsissent.

132 3115 179 3179 X.
203 3116 346 3181 Adventu
363 3116 472 3179 deinde
488 3117 615 3180 duarum
638 3118 800 3199 legionum,
820 3117 961 3201 equibus
976 3115 1092 3180 tertiam

86 3201 205 3268 Dillius
221 3204 408 3287 Aponianus,
424 3219 561 3268 octavam
580 3203 735 3268 Numisius
747 3203 854 3288 Lupus
870 3203 1029 3281 ducebant,
1045 3225 1094 3269 os·

84 3305 209 3353 tentare
227 3291 315 3367 vires,
327 3306 357 3354 et
373 3291 489 3354 militari
507 3291 585 3353 vallo
599 3289 752 3353 Veronam
765 3291 952 3354 circumdare
969 3291 1092 3375 placuit.

84 3375 188 3440 Forte
200 3374 357 3440 Galbianae
372 3377 481 3459 legioni
497 3379 526 3439 in
543 3377 671 3439 adversi
687 3376 781 3440 fronte
805 3377 871 3440 valli
894 3399 970 3462 opus
992 3399 1094 3442 cesse·

83 3479 147 3540 rat,
171 3479 202 3528 et
218 3463 272 3526 visi
290 3464 393 3546 procul
410 3464 557 3527 sociorum
574 3464 701 3548 equites,
723 3485 829 3526 vanarn
848 3463 1047 3542 formidinem,
1064 3483 1096 3530 ut

82 3552 204 3628 hostes,
221 3548 333 3614 secere.
379 3549 550 3635 Rapiuntur
565 3571 647 3612 arma
663 3563 694 3612 et
710 3565 742 3612 ut
759 3551 931 3634 proditionis
953 3550 995 3612 ira
1018 3551 1096 3615 mili-

82 3654 157 3701 turn
173 3637 202 3701 in
218 3636 260 3700 T.
274 3637 420 3722 Ampium
438 3635 615 3700 Flavianum
632 3637 776 3714 incubuit,
801 3638 883 3700 nullo
902 3637 1033 3700 criminis
1049 3659 1096 3700 ar-

81 3739 249 3808 gumento,
265 3726 318 3788 sed
332 3723 396 3810 jam
412 3724 528 3808 pridem
544 3724 667 3801 invisus,
691 3723 808 3787 turbine
829 3724 959 3808 quodam
976 3723 1013 3787 ad
1031 3725 1097 3788 exi-
