2516 4250
133 203 177 268 A.
192 202 232 268 Ο.
246 205 315 288 69.]
418 203 561 273 Hrsron.
578 204 653 270 Lm.
672 203 865 272 Sncuunus.
1097 207 1141 273 63

133 367 225 444 hosti,
241 390 301 431 non
317 367 492 446 admissuro,
509 368 568 454 qud
593 369 689 433 minbs
705 371 877 454 expeditus,
894 382 925 432 et
946 369 996 432 vix
1014 385 1141 454 quatuor

134 455 230 520 millia
248 477 388 538 passuum
402 477 586 538 progressus,
603 471 654 519 aut
669 457 883 540 incompositos
899 456 928 520 in
945 458 1075 539 agmine,
1088 470 1140 520 aut

135 541 289 624 dispersos
305 556 336 604 et
353 540 464 604 vallum
488 543 644 606 molientes
667 541 903 625 aggrederetur!
949 542 1087 606 Titianus
1110 559 1141 610 et

134 626 296 704 Proculus,
309 629 358 690 ubi
370 629 500 690 consiliis
514 630 713 706 vincerentur,
727 630 763 692 ad
770 629 820 714 jus
832 629 954 712 Imperii
966 631 1140 694 transibant.

134 714 253 780 Aderat
268 713 341 776 sanie
363 714 439 776 citus
454 735 534 798 equo
558 713 692 778 Numida
714 737 784 778 cum
808 716 957 778 atrocibus
981 716 1139 792 mandatis,

135 801 245 885 quibus
258 799 354 877 Otho,
370 799 517 883 increpita
539 800 685 864 ‘Ducum
701 801 839 884 segnitia,
855 824 919 864 rem
934 801 964 866 in
981 801 1141 866 discrimen

134 887 224 952 mitti'
236 887 363 972 jubebat
371 909 382 962 ,·
406 908 485 968 aeger
501 885 629 950 mordet
645 889 710 972 spei
727 889 898 971 impatiens.

181 972 273 1038 XLl.
297 972 417 1036 Eiidem
434 974 493 1050 die,
516 975 552 1036 ad
570 973 735 1050 Caecinam,
754 975 837 1058 operi
856 975 955 1058 pontis
977 975 1139 1054 intentum,

48 1109 51 1114 .
135 1059 199 1124 duo
211 1059 420 1123 Pretoriarum
433 1060 601 1123 cohortium
614 1059 753 1138 Tribuni,
765 1061 947 1146 colloquium
960 1061 1025 1146 ejus
1039 1077 1142 1145 postu-

135 1147 245 1224 lanteS,
266 1160 423 1210 venerunt.
469 1147 585 1210 Audire
600 1147 789 1210 conditiones
804 1169 840 1210 ac
856 1149 982 1212 reddere
1007 1151 1141 1232 parabat,

131 1233 204 1298 cirm
233 1235 400 1317 praecipites
424 1233 643 1318 exploratores,
668 1235 774 1298 adesse
799 1235 918 1298 bostem
948 1235 1139 1298 nuntiavere.

135 1317 325 1403 Interruptus
340 1318 544 1383 Tribunorum
560 1342 678 1384 sermo:
703 1319 801 1406 edque
818 1322 964 1386 incertum
983 1321 1075 1397 luit,
1068 1322 1140 1390 rnsi·

133 1406 199 1470 dias
215 1429 251 1468 an
269 1406 479 1490 proditionem,
496 1407 543 1470 vel
560 1408 681 1492 aliquod
705 1408 865 1472 honesturn
880 1409 1038 1472 consilium
1054 1429 1141 1492 coep·

133 1493 274 1558 taverint.
320 1491 455 1570 Caecina,
480 1492 607 1556 dimissis
630 1493 784 1570 Tribunis,
812 1509 951 1558 revectus
975 1497 1004 1558 in
1031 1510 1139 1571 castra,

135 1578 273 1644 datum
262 1601 347 1679 Jussp
372 1578 460 1642 Fabn
474 1577 613 1642 Valentis
640 1603 747 1663 pugnae
773 1581 891 1661 signum
913 1595 943 1643 et
967 1581 1117 1642 militem
1109 1602 1140 1645 ιιι

134 1666 224 1730 armis
240 1666 364 1730 invenit.
410 1665 494 1728 Dum
510 1666 645 1748 legiones
657 1667 695 1728 de
711 1667 815 1728 ordine
828 1667 954 1746 agminis
964 1667 1137 1743 sortiuntur,

131 1752 249 1851 equites
267 1751 450 1835 prorupere:
475 1766 516 1828 et,
541 1753 648 1816 mirum
676 1753 768 1828 dictu,
787 1773 804 1816 a
826 1753 1014 1836 paucioribus
1037 1750 1147 1814 Otho-,

135 1839 230 1902 nianis
247 1837 306 1922 qud
321 1838 419 1902 minias
442 1838 471 1901 in
490 1799 630 1902 villum
624 1839 871 1938 rmpingerentur,
889 1837 998 1904 ltalicae
1014 1838 1140 1920 legionis

134 1924 243 1987 virtute
260 1925 392 1987 deterriti
407 1937 496 1987 sunt:
521 1946 568 2001 ea,
584 1925 692 1988 strictis
708 1926 910 2000 mucronibus,
923 1925 1020 1988 redire
1038 1925 1139 2007 pulsos

134 2023 166 2076 et
182 2032 313 2110 pugnam
329 2033 483 2074 resumere
493 2012 606 2092 coegit.
652 2010 809 2094 Disposita
822 2009 1052 2075 Vitellianarum
1064 2011 1140 2093 legi·

133 2117 226 2160 onum
252 2097 332 2160 acies
355 2097 419 2159 sine
447 2097 665 2180 trepidatione:
690 2098 814 2174 etenim,
839 2117 1011 2181 quanquam
1038 2097 1139 2160 vicino

134 2183 232 2258 hoste,
248 2197 389 2267 aspectus
398 2204 546 2246 armorum
558 2183 657 2246 densis
669 2183 795 2246 arbustis
807 2183 1039 2266 prohibebatur:
1057 2181 1139 2282 apud

134 2267 336 2346 Othonianos,
353 2269 452 2352 pavidi
476 2269 592 2345 Duces,
616 2269 701 2332 miles
718 2269 855 2332 Ducibus
878 2268 1022 2368 infensus,
1043 2270 1141 2332 mixta

136 2355 277 2420 vehicula
299 2369 330 2418 et
353 2357 432 2432 lixae,
455 2371 487 2418 et
510 2357 666 2438 praeruptis
690 2357 837 2440 utrimque
862 2353 1000 2432 sossis,'
975 2377 1021 2418 vra
1037 2355 1140 2438 quieto

137 2461 256 2527 quoque
273 2441 384 2524 agmini
399 2455 535 2524 angusta.
582 2439 813 2504 Circumsistcre
824 2442 910 2504 alii
887 2461 971 2523 signa
983 2462 1047 2516 sua,
1060 2463 1141 2540 que·

135 2549 201 2592 rere
217 2528 284 2592 alii:
309 2529 439 2592 incertus
463 2528 597 2612 undique
623 2528 737 2592 clamor
759 2528 989 2604 accurrentium,
1007 2527 1141 2590 vociten

135 2615 228 2678 tium:
253 2628 295 2690 et,
312 2629 344 2677 ut
359 2615 470 2699 cuique
486 2615 611 2677 audacia
623 2615 670 2677 vel
686 2614 841 2690 lormido‚'
835 2637 863 2677 ιιι
882 2615 1007 2698 primam
1023 2628 1140 2698 postre-

136 2721 258 2766 mamve
273 2703 369 2764 aciem
386 2703 633 2784 prorumpebant,
651 2701 698 2764 vel
715 2701 948 2764 revehebantur.

179 2785 285 2850 XLll.
309 2789 461 2852 Attonitas
476 2788 575 2852 subito
598 2802 712 2850 terrore
732 2803 850 2850 mentes
874 2785 980 2850 salsum
996 2786 1139 2869 gaudium

136 2873 166 2936 in
190 2873 365 2956 languorem
393 2875 492 2974 vertit,
523 2876 659 2959 repertis,
686 2874 736 2958 qui
763 2875 945 2936 ‘descivisse
976 2871 1140 2936 aVitellio

137 2959 315 3023 exercitum’
333 2961 559 3024 ementirentur.
606 2959 635 3023 ls
648 2981 757 3036 rumor,
774 2960 811 3022 ab
827 2960 1067 3043 exploratoribus
1084 2957 1140 3022 Vi-

135 3045 208 3110 tellii
225 3047 388 3146 dispersus,
404 3068 441 3110 an
454 3048 483 3110 in
501 3047 567 3130 ipsa
550 3045 712 3108 Othonis
730 3062 825 3128 parte,
837 3068 889 3108 seu
903 3046 984 3122 dolo,
999 3068 1051 3108 seu
1065 3045 1140 3108 sorte

136 3135 308 3209 surrexerit,
318 3155 423 3217 parum
432 3148 634 3216 compertum.
665 3131 788 3195 Omisso
800 3154 905 3216 pugnae
917 3133 1033 3208 ardore,
1041 3131 1141 3194 Otho·

137 3219 214 3282 niani
227 3219 307 3282 ultrb
316 3219 503 3284 salutavere:
528 3234 559 3282 et
572 3219 669 3282 hostili
681 3242 832 3282 murmure
840 3219 977 3302 excepti,
991 3218 1140 3302 plerisque

138 3327 257 3370 suorum
282 3306 402 3387 ignaris,
429 3327 494 3390 quae
524 3327 615 3368 cansa
638 3307 798 3380 salutandi,
823 3321 937 3370 metum
967 3303 1140 3386 proditionis

137 3390 247 3456 secere.
293 3391 376 3455 Τιιιιι
389 3392 524 3456 incubuit
537 3393 664 3456 hostium
678 3393 768 3467 acies,
781 3393 902 3474 integris
917 3390 1080 3466 ordinibus,
1094 3411 1141 3452 ro·

136 3478 208 3542 bore
218 3494 248 3544 et
263 3500 390 3543 numero
402 3479 603 3562 prestantior:
628 3476 804 3577 Othoniani,
821 3499 990 3582 quanquam
1003 3475 1140 3560 dispersi,

138 3566 304 3648 pauciores,
326 3563 406 3640 sessi,
430 3565 564 3649 praelium
588 3578 689 3628 tamen
713 3566 821 3629 acriter
843 3585 997 3628 sumsere:
1022 3577 1064 3638 et,
1090 3583 1144 3647 per

137 3651 230 3727 locos,
246 3651 400 3716 arboribus
416 3651 555 3716 aevineis
570 3650 742 3734 impeditos,
753 3673 811 3714 non
829 3672 887 3714 una
904 3671 1012 3733 pugne
1029 3648 1139 3712 facies.

136 3739 273 3804 cominus
297 3738 476 3822 eminusque
500 3738 630 3806 catervis
660 3749 692 3808 et
717 3737 822 3806 cuneis
843 3736 1079 3803 concurrebant:
1110 3735 1141 3802 in
