2560 4258
129 296 182 360 A.
199 295 237 362 C.
254 297 323 380 aa]
474 295 618 362 Hrsron.
641 295 718 362 Las.
741 297 884 364 Pramus.
1099 298 1141 362 23

183 460 336 526 XLVIII.
360 459 434 524 Piso
449 483 542 524 unum
555 475 587 525 et
601 462 783 526 tricesimum
801 463 894 526 etatis
906 484 1018 526 annum
1034 463 1141 547 exple·

129 550 202 626 bat,
227 547 307 612 samri
329 548 468 630 meliore,
480 548 570 632 quiam
587 547 716 612 fortunia.
763 548 884 613 Fratres
900 549 976 635 ejus,
993 549 1140 634 Magnum

131 635 301 712 Claudius,
327 635 471 698 Crassum
503 633 588 698 Nero
610 635 832 699 interfecerant.
879 635 950 720 Ipse
977 637 1026 699 diu
1056 638 1140 716 exul,

132 723 300 808 quatriduo
322 720 435 798 Caesar,
460 720 620 805 properata
640 722 802 806 adoptione
818 722 854 785 ad
872 723 929 786 hoe
945 723 1060 786 tannim
1078 745 1141 788 ma·

127 809 195 896 jori
223 809 301 872 fratri
329 809 466 894 praelatus
491 822 547 885 est,
574 823 607 871 ut
634 809 713 892 prior
732 809 930 890 occideretur.
975 809 1017 872 T.
1033 809 1140 874 Vinius

36 933 40 938 ·
133 897 358 982 quinquaginta
377 908 495 978 septem
512 917 605 964 annos
623 896 709 958 variis
724 897 856 970 moribus
872 897 944 978 egit.
989 895 1141 962 Pater.illi

133 1005 155 1047 e
182 981 320 1068 praetoriai
342 980 475 1058 familiai,¹
491 996 642 1044 maternus
669 1003 781 1044 evase
808 983 990 1067 proscriptis.
1024 983 1142 1048 Pinna

133 1069 248 1135 militiai
276 1067 403 1146 infamia,
435 1067 585 1149 Legatum
603 1067 788 1132 ¹Calvisium·
802 1069 946 1134 Sabinur'n
960 1075 962 1080 '
978 1070 1139 1136 habuerat:

134 1156 227 1242 cujus
251 1178 339 1232 uxor,
366 1153 447 1218 malai
468 1155 610 1238 cupidine
625 1156 748 1226 ¹risendi
774 1156 863 1220 situm
887 1171 1062 1234 castrorum,
1088 1179 1142 1241 per

135 1259 263 1308 noctem
279 1243 396 1306 militari
414 1239 514 1304 habitu
532 1243 674 1323 ingressa,
690 1242 759 1304 crim
775 1243 891 1324 vigilias
902 1259 933 1306 et
948 1258 1048 1306 cetera
1065 1245 1162 1316 milies.

136 1331 190 1394 tiae
214 1331 315 1392 munia
339 1327 447 1392 eidem
468 1327 591 1398 lascivia
605 1327 762 1406 tentasset,
778 1330 807 1392 in
824 1330 895 1412 ipsis
911 1330 1063 1414 principiis
1078 1345 1142 1396 stu*

137 1439 229 1502 prum
253 1438 342 1479 ausa:
374 1430 406 1478 et
420 1415 550 1478 criminis
573 1414 661 1500 hujus
682 1437 750 1478 reus
765 1415 807 1478 T.
826 1415 933 1480 Vinius
949 1419 1140 1500 arguebatur.

107 1505 112 1512 ’
136 1503 237 1586 Igitur
254 1503 339 1589 jussu
367 1501 408 1566 C.
431 1501 559 1565 Caesaris
574 1519 714 1564 oneratus
729 1503 854 1578 catenis,
874 1525 958 1579 mox,
975 1506 1142 1568 mutatione

138 1605 325 1674 temporum,
342 1589 489 1665 dimissae,
505 1610 592 1658 cursu
605 1589 932 1666 «honoreminoffenso,
948 1591 1057 1672 legioni
1074 1605 1142 1675 post

140 1676 310 1750 Praeturam
336 1676 510 1759 praepositus
528 1676 747 1759 probatusque:
771 1676 871 1738 servili
887 1677 1030 1759 deinceps
1048 1678 1144 1760 probo

138 1784 302 1846 respersus
312 1777 368 1838 est,
383 1777 526 1846 tanquam
542 1763 692 1844 scyphum
707 1783 832 1844 aureum
845 1763 874 1832 in
890 1765 1030 1826 oonvIvio
1046 1762 1141 1826 Clau·
1159 1831 1163 1842 q
1197 1785 1201 1820 ;

140 1850 185 1912 dii
201 1850 330 1912 Iuratus:
354 1863 384 1911 et
396 1848 543 1912 Claudius
560 1847 679 1932 posterii
694 1848 742 1910 die
752 1849 806 1910 soli
819 1850 952 1912 omniurn
965 1848 1055 1912 Vinio
1067 1851 1142 1914 ficti·

141 1937 222 1999 Iibus
246 1936 400 2014 ministrari
418 1935 517 2021 jussit.
565 1935 626 1998 Sed
645 1933 753 1998 Vinius
773 1935 991 2006 Proconsulatu
1009 1935 1145 2000 Galliam.

141 2021 372 2090 Narbonensem
396 2022 693 2106 severeintegreque
704 2020 804 2086 rexit:
829 2045 904 2089 mox.
918 2021 1023 2088 Garbe
1039 2025 1142 2088 amiei-

140 2109 186 2174 rit
200 2111 229 2173 in
245 2110 404 2192 abruptum
421 2124 542 2185 tractus,
559 2111 670 2185 audax,
685 2110 821 2186 callidus,
838 2125 1037 2194 promtus,‚e„t,
1054 2125 1143 2196 prout

139 2197 274 2262 anianum
292 2197 477 2273 intendisset,
492 2217 599 2279 pravus
615 2212 666 2258 aut
682 2197 852 2273 industrius,
863 2196 971 2264 eadere
983 2199 1026 2260 ri.
1063 2196 1143 2262 Tes-

139 2299 310 2350 tamentum
333 2282 375 2345 T.
397 2281 489 2359 Vinii,
512 2282 716 2365 magnitudine
732 2306 836 2366 opum,
852 2285 978 2347 irritum.
1023 2283 1143 2348 Pisonis

138 2393 314 2456 supremam
333 2371 516 2432 voluntatem
534 2384 695 2452 paupertas
711 2371 849 2433 firmavit.

185 2456 312 2521 XLIX.
337 2456 442 2518 Galbae
464 2477 574 2539 corpus
597 2456 647 2518 diu
671 2457 843 2539 neglectum
867 2470 898 2520 et
920 2457 1142 2523 licentiiteoe-

96 2548 99 2553 ’
136 2547 260 2610 brarunr
286 2545 420 2626 plurimis
443 2543 576 2606 ludibriis
600 2561 755 2620 vexatum,
779 2543 967 2627 dispensator
982 2545 1102 2628 Argius,
1124 2568 1142 2610 e

134 2632 291 2718 prioribus
313 2631 416 2706 servis,
447 2631 551 2692 humili
578 2628 735 2713 sepulturi
757 2631 785 2692 in
810 2631 931 2714 privatis
955 2630 1020 2716 ejus
1050 2631 1143 2695 hortis

133 2719 289 2784 contexit.
336 2716 448 2799 Caput,
475 2739 528 2799 per
550 2717 626 2780 lixas
655 2717 838 2801 calonesque
861 2719 1004 2780 suffixum
1027 2719 1142 2782 lacera·

134 2823 280 2887 tumque,
297 2817 365 2865 ante
378 2803 509 2866 Patrobii
520 2804 669 2866 tumulum
683 2803 821 2890 (libertus
833 2804 857 2866 is
869 2803 1009 2882 Neronis,
1022 2807 1142 2888 punitus

136 2915 155 2956 a
177 2889 278 2952 Galbai
300 2887 409 2971 suerat)
428 2889 548 2971 posteri
570 2891 692 2954 demum
718 2890 766 2953 die
789 2905 939 2975 repertum
956 2905 987 2954 et
1010 2906 1144 2956 cremato

136 2979 203 3065 jam
214 2976 332 3058 corpori
343 2976 578 3038 admixtumest.
611 2975 703 3040 Hune
713 2977 1019 3040 exitumhabuitSer.
1031 2977 1142 3056 Galba,

140 3066 236 3130 tribus
249 3077 279 3124 et
291 3062 479 3145 septuaginta
490 3064 574 3124 annis
586 3063 717 3147 quinque
731 3063 888 3148 Principes
898 3063 1143 3148 prosperisortu·

140 3151 183 3216 nai
205 3171 358 3225 emensus,
382 3163 412 3212 et
428 3148 526 3212 alieno
543 3148 673 3232 Imperio
689 3149 812 3228 felicior,
829 3151 918 3235 quam
931 3172 997 3213 suo.
1045 3148 1143 3214 Vetus

141 3240 172 3303 in
196 3235 308 3300 familiai
331 3236 479 3313 nobilitas,
506 3257 621 3318 magnae
637 3258 730 3320 opes:
755 3239 810 3321 ipsi
828 3238 960 3300 medium
977 3238 1142 3319 ingenium,

142 3321 238 3405 magis
254 3339 340 3386 extra
358 3324 438 3399 vitia,
463 3323 552 3407 quam
568 3345 638 3386 cum
657 3325 822 3386 virtutihus.
870 3323 974 3388 Famae
987 3345 1044 3386 nec
1060 3325 1143 3388 incu-

142 3413 249 3486 riosus,
264 3431 321 3472 nee
336 3411 513 3472 venditator.
560 3410 702 3474 Pecuniae
718 3411 821 3473 alienae
835 3432 893 3473 non
910 3426 1070 3494 appetens,
1082 3433 1142 3476 suae

143 3519 263 3582 parcus,
284 3497 410 3580 publicae
426 3517 543 3559 avarus.
590 3498 766 3560 Amicorum
784 3498 1029 3582 libertorumque,
1046 3499 1097 3562 ubi
1113 3501 1142 3564 iu

142 3585 237 3648 bonos
254 3584 415 3659 incidisset,
428 3583 491 3645 sine
507 3585 740 3667 reprehensione
754 3585 869 3666 patiens
882 3606 889 3660 ;
913 3585 935 3646 si
954 3585 1020 3648 mali
1035 3584 1141 3666 forent,

143 3693 239 3755 usque
255 3671 292 3732 ad
308 3671 431 3754 culpam
450 3670 579 3749 ignarae.
627 3671 688 3734 Sed
705 3671 823 3734 claritas
840 3671 981 3734 natalium
998 3685 1029 3734 et
1045 3689 1143 3738 metus

144 3771 314 3842 temporum
326 3758 473 3833 obtentuI,
490 3773 532 3832 ut,
546 3757 624 3842 quod
637 3758 762 3839 segnitia
774 3773 847 3835 erat,
864 3758 1009 3841 sapientia
1020 3780 1144 3822 vocare-

144 3857 201 3908 tur.
247 3843 331 3908 Dum
361 3844 481 3927 vigebat
504 3859 585 3923 aetas,
608 3844 725 3908 militari
748 3845 837 3908 laude
860 3844 939 3928 apud
964 3843 1143 3910 Germanias
