2516 4250
116 199 210 265 A.C.
226 202 294 284 69.]
338 236 339 242 1
386 201 526 268 Hrsrou.
550 201 626 270 Lra.
651 203 843 274 secessus.
1079 207 1130 270 ⁷5²

122 365 286 450 ‘pietatem
302 365 439 431 militum'
455 367 653 432 collaudavit:
678 367 873 434 frementibus
888 368 1016 445 auxiliis,
1037 373 1125 432 ‘tau-

120 466 184 515 tum
211 453 394 536 impunitatis
423 469 515 539 atque
541 455 714 537 arrogantie
738 455 905 537 legionariis
936 454 1121 520 accessisse.’

121 537 275 603 Cohortes
301 539 498 619 Batavorum,
528 541 658 626 nequid
688 542 883 606 truculentius
913 543 1070 619 auderent,
1092 541 1123 606 iu
1155 583 1156 588 κ

122 623 318 690 Germaniam
334 628 483 706 remisse3
508 629 683 712 principium
699 629 816 692 interno
831 629 918 692 simul
934 644 1123 714 externoque

42 753 50 766 »
121 712 203 776 bello
213 713 384 797 parantibus
396 713 472 778 satis.
506 714 640 778 Reddita
649 715 817 780 civitatibus
829 715 986 780 Gallorum
999 715 1122 794 auxilia,

121 800 228 881 ingens
251 821 405 879 numerus,
429 815 460 864 et
486 800 583 886 primii
605 803 705 866 statim
729 801 898 866 delectione
921 803 999 866 inter
1024 803 1124 866 inania

120 885 193 950 belli
208 902 369 952 assumtus.
415 887 573 966 Ceterirm,
590 904 622 950 ut
638 888 841 970 largitionibus
857 889 971 954 affecte
983 887 1046 974 jam
1060 887 1122 952 lm·

121 973 196 1057 perii
220 995 294 1058 opes
317 975 501 1052 sufficerent,
525 976 693 1060 ‘amputari
713 976 865 1058 legionum
884 976 1124 1060 auxiliorumque

120 1060 274 1124 numeros'
293 1059 392 1146 jubet,
409 1063 508 1127 vetitis
529 1063 767 1146 supplementis:
791 1077 823 1126 et
837 1061 1012 1148 prorniscue
1028 1061 1125 1126 missi·

120 1167 196 1210 ones
224 1147 438 1212 offerebantur.
485 1147 648 1213 Exitiabile
677 1148 707 1212 id
746 1148 945 1234 Reipublioe,
975 1149 1124 1232 ingratum

122 1233 219 1310 militi,
234 1235 284 1298 oui
299 1235 407 1298 eadem
424 1237 524 1300 munia
539 1236 617 1298 inter
639 1257 761 1320 paucos,
777 1237 970 1320 periculaque
986 1235 1123 1300 solabor

121 1321 254 1384 crebribs
277 1322 435 1386 redibant:
457 1337 488 1388 et
511 1322 589 1386 vires
614 1323 689 1388 luxu
712 1323 990 1408 corrumpebantur,
1016 1337 1122 1386 contra

122 1421 257 1472 veterem
274 1408 473 1493 disciplinam,
488 1423 520 1473 et
534 1410 667 1474 instituta
683 1408 852 1494 majorum3
874 1409 954 1494 apud
970 1431 1045 1494 quos
1062 1409 1121 1472 vir·

121 1495 304 1644 moe’ldum
320 1495 460 1579 pecuniis,
476 1517 523 1560 res
539 1495 682 1560 Romana
692 1496 798 1560 meliris
812 1496 906 1560 stetit.

129 1635 135 1642 .
166 1579 196 1644 L
231 1579 273 1644 X.
298 1581 373 1646 lude
398 1581 541 1647 Vitellius
570 1582 756 1647 Cremonam
786 1581 884 1659 flexit,
914 1596 956 1659 et,
986 1593 1125 1666 spectato

121 1689 247 1732 munere
263 1667 404 1746 Caecirr'e,
420 1670 555 1734 insistere
571 1669 825 1734 Bedriacensibus
841 1669 967 1752 campis,
983 1689 1019 1730 ao
1035 1667 1126 1732 vesti·

122 1755 172 1838 gia
194 1756 322 1818 recentis
343 1757 472 1820 victorie
492 1757 618 1820 lustrare
640 1757 736 1820 oculis
757 1755 942 1838 concupivit.
988 1752 1124 1818 Foedum

120 1855 212 1926 atque
227 1856 313 1904 atrox
323 1843 529 1926 spectaculum
541 1865 550 1904 r
564 1843 641 1906 iutra
651 1841 912 1927 quadragesimum
923 1863 1030 1927 pugna
1040 1840 1123 1904 diem

123 1927 224 1992 lacera
247 1949 383 2012 corpora,
411 1929 507 1993 trunci
531 1945 621 2007 artus,
644 1944 745 2013 putres
762 1929 890 1992 virorum
917 1948 1127 2013 equorumque

121 2013 236 2090 formu,
252 2014 362 2080 insecta
384 2016 455 2080 tabo
477 2016 598 2092 humus,
614 2015 758 2100 protritris
773 2015 925 2078 arboribus
941 2036 977 2078 ao
992 2013 1128 2097 frugibus

123 2100 188 2167 dira
204 2102 343 2164 vastitas:
367 2124 425 2166 nec
439 2102 539 2166 minus
550 2103 714 2166 inhumana
730 2123 798 2184 pars
815 2102 879 2178 vie,
892 2123 981 2184 quam
994 2100 1127 2166 Cremo-
1159 2126 1162 2134 ¹

122 2206 233 2257 nenses
258 2187 342 2250 lauro
371 2189 505 2273 rosisque
530 2200 768 2264 constraverunt,
796 2187 958 2250 exstructis
982 2187 1124 2250 altaribus

122 2273 267 2359 cesisque
278 2273 416 2351 victimis,
427 2273 559 2357 Regium
571 2275 600 2337 in
614 2294 752 2340 moremt
774 2295 850 2358 quae,
860 2273 927 2336 laeta
937 2272 965 2336 in
984 2293 1125 2356 presens,

122 2381 198 2424 mox
221 2361 385 2444 perniciem
407 2361 478 2446 ipsis
500 2360 612 2425 secere.
658 2361 796 2424 Aderant
812 2357 929 2424 Valens
944 2373 975 2422 et
991 2359 1126 2439 Caecina,

123 2448 390 2532 monstrabantque
421 2469 528 2532 pugne
554 2447 656 2511 locos:
690 2446 782 2510 ‘hinc
808 2447 942 2529 erupisse
972 2447 1125 2528 legionum

123 2553 244 2616 agmen,
261 2535 331 2596 hinc
346 2535 463 2618 equites
485 2549 622 2598 coortos:
647 2533 716 2598 iude
736 2532 930 2598 circumfusas
946 2533 1126 2598 auxiliorum

122 2619 253 2684 manus!
287 2619 357 2684 Jam
370 2619 499 2686 Tribuni
511 2619 723 2706 Pralectique,
735 2642 788 2684 sua
798 2621 924 2706 quisque
940 2619 1018 2684 lacta
1027 2620 1127 2684 extol·

123 2706 233 2783 lentes,
260 2706 344 2784 salsa,
364 2729 446 2786 vera,
469 2723 521 2772 aut
547 2707 660 2793 majore
684 2728 756 2770 vero
779 2707 956 2770 miscebant.
1004 2705 1125 2788 Vulgus

124 2815 245 2880 quoque
261 2795 400 2872 militum,
426 2796 559 2858 clamore
582 2809 613 2858 et
636 2795 746 2877 gaudio
768 2793 932 2869 deflectere
949 2791 1008 2869 vit,
1031 2793 1128 2875 spatia

121 2882 320 2947 certaminum
336 2903 564 2964 recognoscere,
574 2903 715 2964 aggerem
732 2901 892 2956 armorum,
908 2895 1005 2944 strues
1020 2901 1127 2964 corpo·

123 2989 190 3032 rum
206 2968 325 3046 intueri,
341 2969 450 3032 mirari.
497 2968 540 3032 Et
554 2983 650 3044 erant,
674 2989 748 3052 quos
766 2969 845 3030 varia
862 2966 921 3030 sors
937 2988 1047 3042 rerum,
1063 2966 1125 3030 lao-

123 3075 278 3140 rymaeque
304 3070 336 3119 et
358 3056 561 3120 misericordia
583 3055 717 3118 subiret:
741 3069 772 3118 at
794 3075 853 3116 non
876 3051 1018 3116 Vitellius
1042 3051 1129 3126 flexit
1161 3107 1163 3111 .

123 3141 239 3217 oculos,
256 3163 314 3206 neo
329 3155 374 3206 tot
386 3143 478 3206 millia
493 3140 832 3226 insepultorumcivium
844 3139 1017 3215 exhorruit:
1042 3139 1126 3204 laetus

124 3228 215 3378 p)ltrb,
231 3244 261 3292 et
277 3244 338 3292 tam
355 3230 529 3314 propinqua
552 3229 639 3292 sortis
662 3229 792 3312 ignarus,
812 3226 995 3290 instaurabat
1010 3246 1128 3290 sacrum

158 3315 193 3378 iis
207 3315 278 3380 loci.
728 3375 730 3380 .

168 3399 294 3466 LXXI.
326 3401 407 3466 Exin
438 3402 584 3466 Bononiae
614 3400 751 3466 aFabio
772 3399 905 3464 Valente
930 3398 1129 3482 gladiatomm

123 3489 334 3572 spectaculum
357 3490 466 3568 editur,
489 3490 619 3572 advecto
641 3511 682 3552 ex
704 3489 778 3552 urbe
799 3488 894 3551 cultu.
940 3483 1128 3570 Quantoque

122 3573 218 3658 magis
235 3577 466 3661 propinquabat,
482 3575 568 3639 tantb
582 3576 751 3659 corruptius
765 3574 833 3650 iter,
849 3573 994 3638 immixtis
1012 3572 1130 3636 histrio-
1160 3599 1161 3602 ¹

125 3662 214 3728 nibus
235 3679 265 3725 et
280 3664 449 3747 spadonum
473 3663 615 3744 gregibus
630 3678 661 3725 et
675 3678 779 3726 cetero
799 3659 981 3724 Neroniana
998 3659 1072 3722 aule
1088 3658 1133 3722 iu·
1165 3685 1168 3692 ·

123 3749 237 3834 garrio;
260 3771 391 3836 namque
409 3765 441 3816 et
464 3749 622 3816 Neronem
645 3749 753 3834 ipsum,
769 3745 910 3812 Vitellius
932 3745 1131 3810 admiratione
