2508 4254
101 177 163 242 Ἀ.
179 174 219 241 C.
232 175 302 260 69.]
405 171 548 240 Hieron.
572 171 647 239 Lm.
671 173 837 240 Tanarus.
1061 175 1123 240 103
1217 206 1223 211 ·

121 355 278 418 scrutatur,
302 341 420 424 agnitus
434 360 662 426 agnoscensque
685 355 716 404 et
739 361 926 423 exsanguem
952 340 1124 425 amplexus,

122 451 199 493 voce
216 428 307 492 flebili
326 428 503 513 precabatur
529 429 648 512 ‘piatos
672 429 762 510 paule
786 425 906 505 Manes,
932 449 1010 490 neve
1039 449 1072 498 se
1095 444 1128 492 ut
1226 439 1227 442 ’

123 516 302 602 parricidam
330 529 557 578 aversarentur:
584 515 738 598 publicum
762 514 791 577 id
818 513 954 596 facinus:
976 530 1006 579 et
1033 537 1126 578 unum

122 602 249 667 militem
266 617 388 687 quotam
411 601 543 665 civilium
565 622 714 664 armorum
739 615 854 686 partem
866 601 888 664 l’
928 600 1024 664 Simul
1041 603 1127 665 attol-

121 689 187 753 lere
202 711 323 772 corpus,
351 690 466 772 aperire
482 689 620 765 humum,
644 709 786 772 supremo
802 708 872 770 erga
889 703 1045 772 parentem
1061 691 1128 752 offi-

121 777 173 841 eio
197 775 302 859 iungi..
330 774 499 839 Advertdre
527 775 667 858 proximi,
695 775 805 837 deinde
829 775 948 859 plures:
980 776 1051 838 hine
1074 797 1129 860 per

122 884 247 927 omnem
264 863 359 926 aciem
376 861 552 926 miraculum
569 876 600 924 et
616 877 739 947 questus
754 877 785 924 ct
800 862 952 925 saevissimi
967 863 1038 926 belli
1055 883 1129 926 exe-

121 951 238 1015 cratio:
261 971 318 1012 nec
333 949 371 1012 eb
386 948 507 1031 segnius
522 949 718 1034 propinqum,
741 949 856 1026 affines,
880 947 984 1012 fratres
999 950 1129 1014 trucida-

122 1051 172 1101 tos
188 1036 333 1120 spoliant:
359 1035 471 1098 Iactum
483 1055 551 1098 esse
565 1036 664 1098 scelus
676 1036 839 1121 loquuntur
854 1033 1039 1120 faciuntque.
1102 1079 1104 1081 -

171 1121 300 1196 XXVI.
324 1121 370 1186 Ut
393 1121 579 1186 Cremonam
603 1121 724 1198 vendre,
748 1144 859 1186 novum
887 1123 1129 1209 immensumque

124 1231 204 1294 opus
218 1209 358 1273 occurrit.
402 1208 578 1273 Othoniano
593 1209 684 1286 bello,
706 1209 905 1274 Germanicus
921 1210 1007 1275 miles
1023 1213 1130 1274 moeni·

125 1298 184 1360 bus
200 1295 453 1360 Cremonensium
467 1309 565 1360 castra
590 1317 655 1374 sua,
679 1297 783 1360 castris
807 1296 918 1360 vallum
934 1297 1131 1384 circumjece·

124 1399 190 1447 rat:
223 1403 319 1466 eaque
344 1383 530 1447 munimenta
556 1404 655 1446 rursus
678 1399 821 1448 auxerat:
853 1405 979 1469 quorum
1003 1399 1129 1469 aspectu

125 1469 241 1534 hesbre
259 1471 396 1546 victores,
412 1469 533 1532 incertis
548 1469 697 1548 Ducibus,
710 1471 780 1554 quid
792 1469 946 1555 juberent.
992 1470 1130 1557 Incipere

126 1555 504 1641 oppugnationem,.·lesso
531 1577 585 1640 per
601 1557 681 1619 diem
706 1574 888 1642 noctemque
912 1559 1059 1635 exercitu,
1085 1579 1132 1622 ar·

126 1645 233 1720 duum,
250 1659 291 1720 et,
307 1644 389 1706 nullo
399 1642 490 1729 juxta
503 1643 647 1720 subsidio,
663 1665 791 1728 anceps:
816 1645 860 1706 sin
884 1643 1068 1707 Bedriacum
1085 1667 1132 1708 re·

128 1731 238 1808 dirent,
262 1730 466 1793 intolerandus
480 1744 542 1794 tam
558 1730 639 1810 longi
656 1731 766 1794 itineris
781 1731 875 1807 labor,
903 1744 933 1793 et
955 1731 1078 1794 victoria
1094 1732 1132 1795 ad

128 1817 243 1883 irritum
259 1817 489 1880 revolvebatur:
514 1817 629 1880 munire
652 1819 773 1880 castra?
799 1817 829 1880 id
857 1839 987 1902 quoque,
1011 1819 1133 1902 propin·

130 1906 197 1991 quis
213 1903 357 1980 hostibus,
385 1902 620 1980 formidolosum,
637 1925 676 1966 ne
692 1903 852 1988 dispersos,
869 1918 899 1968 et
914 1925 991 1989 opus
1007 1907 1134 1969 molien-

129 2007 177 2056 tes
192 1989 459 2075 subitderuptione
470 1991 635 2054 turbarent.
681 1988 761 2064 Qua
775 2013 867 2076 super
880 2007 988 2056 cuncta
1004 1993 1134 2058 terrebat

129 2081 261 2164 ipsomm
286 2077 381 2154 miles,
407 2077 530 2161 periculi
546 2077 635 2162 quam
653 2099 742 2140 morae
760 2079 934 2162 patientior:
959 2079 1073 2164 quippe
1089 2081 1134 2144 in·

131 2177 226 2251 grata,
253 2185 318 2250 quae
343 2179 417 2241 tuta,
442 2186 482 2228 ex
497 2166 667 2228 temeritate
682 2185 771 2248 spes:
795 2165 952 2251 omnisque
974 2169 1077 2232 cedes
1103 2181 1134 2232 et

132 2252 258 2316 vulnera
273 2266 304 2314 et
319 2251 438 2333 sanguis
454 2251 597 2314 aviditate
614 2253 718 2335 praede
737 2253 948 2335 pensabuntur.

176 2335 317 2402 XXVII.
342 2335 413 2400 Huc
429 2337 581 2402 inelinavit
597 2339 758 2416 Antonius,
775 2339 933 2424 ‘cingique
950 2339 1060 2404 vallum
1083 2353 1136 2404 c'o·

132 2423 334 2574 roni'Fjussit:
360 2423 457 2508 primb
472 2425 584 2506 sagittis
599 2425 740 2510 saxisque
756 2425 873 2489 eminbs
888 2427 1056 2505 certabant,
1072 2449 1136 2492 ma·

128 2513 196 2599 jore
242 2511 426 2574 lavianorum
444 2511 587 2595 pernicie,
614 2512 643 2574 in
667 2533 741 2598 quos
764 2513 825 2576 tela
840 2513 972 2597 desuper
986 2514 1135 2578 libraban-

133 2615 201 2664 tur:
224 2619 298 2661 mox
314 2598 425 2661 vallum
442 2612 603 2683 portasque
619 2599 786 2682 legionibus
802 2601 944 2677 attribuit,
972 2615 1004 2664 ut
1026 2602 1138 2666 discre-

133 2703 182 2752 tus
197 2685 282 2751 labor
297 2683 387 2748 sortes
403 2685 586 2770 ignavosque
607 2685 813 2769 distingueret,
829 2701 920 2771 atque
932 2686 1000 2771 iperi
1011 2704 1138 2752 conten·

133 2774 217 2838 tione
243 2771 360 2850 decoris
390 2770 636 2837 accenderentur.
682 2772 828 2836 Proxima
855 2773 1053 2838 Bedriacensi
1082 2777 1136 2841 vie

134 2859 254 2925 tertiani
277 2859 496 2945 septimanique
522 2859 676 2924 sumsere:
700 2860 870 2924 dexteriora
887 2861 958 2924 valli
981 2875 1087 2925 octava
1103 2883 1138 2926 ac

134 2947 265 3032 septima
279 2945 468 3010 Claudiana:
495 2947 758 3010 tertiadecimanos
773 2947 811 3009 ad
829 2947 1004 3010 Brixianam
1023 2963 1139 3031 portam

135 3036 268 3120 impetus
288 3034 365 3096 tulit.
411 3033 541 3096 Paulum
558 3033 628 3096 inde
645 3054 744 3109 morae,
761 3033 831 3095 dum
857 3054 875 3094 e
903 3034 1047 3116 proximis
1062 3037 1139 3117 agris

135 3123 264 3205 ligones
280 3120 428 3196 dolabras,
441 3134 472 3183 et
487 3120 535 3183 alii
552 3119 654 3196 salnes,
670 3120 826 3204 scalasque
841 3134 1041 3184 convectant:
1065 3137 1140 3200 tum,

136 3209 223 3274 elatis
238 3227 330 3291 super
340 3207 440 3290 capita
455 3207 558 3285 scutis,
574 3205 669 3270 densi:
683 3207 834 3270 testudine
850 3206 1029 3271 succedunt.
1074 3205 1141 3272 Ro·

136 3317 234 3360 manae
249 3295 399 3378 utrimque
415 3308 511 3356 artes:
536 3294 669 3377 pondera
684 3315 825 3358 saxorum
843 3292 997 3358 Vitelliani
1022 3297 1141 3379 provol-

138 3396 224 3460 vunt,
238 3379 396 3467 disjectam
412 3377 641 3466 fluitantemque
657 3382 838 3446 testudinem
855 3381 966 3446 lanceis
985 3384 1141 3468 contisque

136 3481 329 3535 scrutantur:
353 3467 461 3544 donee,
489 3467 590 3531 sonna
614 3489 762 3552 compage
778 3484 943 3547 scutorum,
970 3489 1140 3554 exsangues

137 3571 189 3622 aut
205 3556 321 3619 laceros
337 3569 560 3639 prosternerent
575 3553 670 3617 multa
683 3577 752 3618 cum
769 3571 879 3638 strage.

183 3640 346 3708 XXVIII.
371 3640 714 3720 Incesseratcunctatio,
737 3642 766 3705 ni
783 3642 889 3706 Duces
905 3640 983 3706 sesso
999 3643 1094 3721 militi,
1110 3659 1142 3710 et

138 3729 225 3796 uelut
239 3730 333 3796 irritas
356 3729 582 3795 exhortationes
598 3729 751 3810 abnuenti,
778 3728 964 3794 Cremonam
980 3730 1142 3794 monstris-
