2484 4316
135 243 178 309 A.
195 239 323 325 0.,70]
412 237 555 304 Hrsaoa.
579 235 655 302 Lm.
680 237 856 314 Quassus.
1079 237 1140 302 173

137 403 297 484 cultarent,
321 405 488 469 excessisse
511 401 583 466 viti.
628 401 745 466 Urbem
769 416 859 486 atque
881 399 998 464 ltaliam
1022 399 1139 464 interno

135 493 218 558 bello
240 506 440 556 consumtam.
486 489 621 552 Muciani
652 511 688 552 ac
715 487 880 552 Domitiani
904 506 981 550 vana
1012 501 1043 550 et
1073 488 1137 550 sine

136 579 248 642 viribus
277 578 409 640 nomina.
456 575 488 639 si
519 575 648 639 Cerialis
678 575 836 658 imperium
864 574 1030 636 Galliarum
1053 573 1136 652 velit,

136 666 218 750 ipsos
234 665 341 726 finibus
356 663 509 726 civitatum
526 683 646 724 suarum
657 674 837 738 contentos3
860 661 883 722 si
899 661 1032 744 praelium
1044 660 1137 738 malit,

136 773 176 816 ne
192 751 221 814 id
238 749 360 835 quidem
375 747 530 812 abnuere.'
575 747 627 810 Ad
643 768 679 809 ea
695 745 822 810 Cerialis
846 745 937 809 Civili
954 761 984 809 et
1001 747 1139 810 Classico

135 838 231 901 nihil:
254 858 335 912 eum,
356 837 405 920 qui
429 835 569 899 attulerat
592 833 670 918 ipsas
686 834 840 916 epistolas,
863 833 900 895 ad
925 833 1134 898 Domitianum

136 924 226 987 misit.
273 921 397 1000 Hostes,
408 921 508 984 divisis
523 921 629 1005 copiis,
640 918 946 1004 advenireundique.
992 920 1137 1005 Plerique

136 1009 298 1094 culpabant
314 1008 479 1085 Cerialem,
503 1029 623 1091 pessum
642 1005 740 1092 jungi,
756 1027 830 1092 quos
854 1007 996 1070 discretos
1019 1008 1138 1070 interci-

135 1117 209 1182 pere
233 1096 375 1159 licuisset.
422 1094 581 1158 Romanus
604 1095 757 1156 exercitus
782 1107 879 1156 castra
902 1092 982 1156 fosse
996 1095 1137 1178 valloque

136 1182 345 1260 circumdedit,
362 1179 427 1267 quis
443 1181 558 1244 temere
582 1197 669 1244 antea
685 1179 787 1243 intutis
809 1179 997 1244 consederat.
1043 1179 1138 1265 Apud

134 1269 306 1333 Germanos
322 1269 444 1332 diversis
459 1268 615 1333 sententiis
629 1269 812 1330 certabatur.

136 1401 138 1409 ·
178 1354 337 1418 LXXVI.
361 1353 477 1432 Civilis,
494 1354 714 1438 ‘opperiendas
737 1353 1037 1418 Transrhenanorum
1061 1375 1135 1437 gen·

134 1455 191 1520 tes,
209 1463 334 1528 quarum
350 1455 463 1504 terrore
478 1439 578 1504 iractae
595 1439 705 1523 Populi
721 1438 855 1502 Romani
872 1441 948 1502 vires
964 1441 1137 1504 obtereren-

133 1542 192 1592 tur.
239 1528 344 1591 Gallos
374 1526 445 1612 quid
477 1526 567 1603 aliud,
599 1525 688 1610 quim
720 1526 851 1609 praedam
883 1527 1069 1588 victoribus?
1104 1541 1135 1590 et

132 1629 247 1690 tamen,
271 1613 351 1698 quod
375 1612 489 1676 roboris
508 1613 557 1688 sit,
581 1611 704 1694 Belgas,
735 1633 840 1674 secum
863 1611 962 1696 palaim
984 1625 1035 1674 aut
1064 1625 1135 1676 voto

135 1700 237 1765 stare!
282 1698 391 1776 Tutor,
408 1697 621 1761 ‘cunctatione
636 1718 773 1760 crescere
797 1717 861 1759 rem
884 1697 1079 1774 Romanam‚’
1095 1697 1139 1762 as·

134 1785 283 1862 firmabat,
300 1784 499 1848 ‘coeuntibus
521 1783 654 1868 undique
677 1782 871 1846 exercitibus.
916 1782 1137 1850 Transvectam

136 1892 155 1933 e
170 1868 329 1934 Britanniis
344 1870 495 1952 legionem
510 1893 519 1932 r
541 1871 650 1934 accitas
666 1890 707 1932 ex
731 1867 896 1954 Hispanid:
922 1869 1083 1934 adventare
1099 1893 1140 1935 ex
1204 1915 1213 1932 .

134 1955 244 2020 latit:
268 1977 327 2020 nec
349 1953 482 2020 subitum
505 1956 642 2034 militem,
665 1955 720 2019 sed
747 1971 881 2020 veterem
913 1971 1136 2042 expertumque

134 2042 218 2106 belli.
265 2041 346 2107 Nam
362 2041 543 2119 Germanos,
555 2043 605 2130 qui
621 2043 660 2105 ab
683 2043 754 2127 ipsis
769 2057 938 2127 sperentur,
955 2065 1013 2106 non
1024 2043 1136 2126 juberi,

134 2150 196 2194 non
212 2130 285 2213 regi,
307 2129 361 2193 sed
382 2143 492 2192 cuncte
514 2151 555 2192 ex
578 2129 700 2193 libidine
724 2149 832 2212 agere:
858 2131 1078 2215 pecuniamque
1101 2153 1137 2196 ac

135 2215 216 2280 dona
239 2215 304 2300 quis
327 2215 397 2280 solis
420 2230 660 2300 corrumpantur,
684 2215 797 2302 majora
817 2216 897 2299 apud
923 2215 1092 2296 Romanos,
1108 2231 1139 2283 et

134 2303 287 2366 neminem
297 2301 376 2366 adeo
390 2303 419 2365 in
436 2323 518 2366 arma
535 2323 672 2387 pronum,
684 2317 718 2366 ut
732 2324 791 2366 non
808 2302 888 2366 idem
906 2304 1034 2387 pretinm
1052 2305 1137 2390 quie·

135 2389 183 2465 tis,
199 2388 289 2474 quam
306 2389 442 2474 periculi,
465 2389 560 2452 malit.
606 2387 700 2463 Quod
723 2389 748 2452 si
770 2389 870 2452 statim
893 2391 1136 2474 congrediantur,

28 2553 32 2563 ,
135 2475 232 2538 nullas
248 2497 315 2541 esse
338 2474 463 2552 Ceriali,
483 2475 538 2538 nisi
563 2496 604 2538 ex
626 2476 757 2561 reliquiis
781 2475 954 2540 Germanioi
975 2477 1139 2556 exercitia,

134 2561 280 2644 legiones,
311 2561 474 2626 soederibus
505 2561 672 2626 Galliarum
696 2563 863 2626 obstrictas.
909 2561 1006 2647 ldque
1026 2565 1137 2649 ipsum,

134 2647 216 2797 quaid
231 2649 414 2712 inconditam
427 2669 524 2732 nuper
535 2647 687 2712 Valentini
700 2671 821 2712 manum
833 2663 938 2712 contra
953 2671 1039 2734 spem
1050 2671 1137 2716 sunm

147 2734 278 2813 uderint,
301 2735 477 2798 alimentum
504 2735 561 2798 illis
592 2735 735 2820 Ducique
765 2736 953 2798 temeritatis.
999 2737 1136 2802 Ausuros

134 2841 245 2899 rursus,
261 2835 464 2906 venturosque
487 2821 516 2884 in
542 2843 657 2899 manus,
673 2843 733 2884 non
757 2821 885 2905 imperiti
908 2820 1137 2901 adolescentuli,

133 2907 226 2970 verba
240 2922 272 2970 et
286 2909 460 2984 conciones,
477 2906 568 2991 quiam
592 2907 702 2971 serrum
726 2921 757 2969 et
773 2929 865 2984 arma,
885 2908 1064 2986 meditantis,
1081 2911 1136 2973 sed

133 2991 240 3058 Civilis
256 3007 287 3058 et
302 2993 453 3059 Classici:
476 3015 551 3078 quos
575 2995 624 3056 ubi
647 2993 832 3073 aspexerint,
848 2994 1011 3056 redituram
1027 2995 1056 3057 in
1073 2996 1136 3058 ani-

134 3101 201 3143 mos
217 3079 419 3158 formidinem,
436 3079 537 3164 sugam
554 3079 725 3164 famemque
735 3101 777 3141 ac
792 3079 900 3143 totiens
915 3080 1011 3163 captis
1032 3102 1138 3165 preca·

134 3167 209 3230 riam
232 3168 344 3231 vitame
367 3189 467 3252 neque
493 3166 646 3230 Treveros
670 3181 721 3229 aut
747 3165 901 3248 Lingonas
925 3166 1139 3232 benevolentiis

134 3253 302 3317 contineris
325 3269 510 3317 resumturos
533 3275 627 3331 arma,
644 3253 694 3316 ubi
711 3269 808 3316 metus
832 3253 1034 3317 abscesserit!
1080 3254 1139 3320 Di·

133 3341 223 3404 remit
237 3341 429 3404 consiliorum
454 3341 666 3417 diversitatem,
688 3337 855 3426 approbati
869 3339 993 3405 Tutoris
1015 3355 1138 3407 senten·

133 3425 187 3504 tiit,
203 3426 360 3492 Classicus
373 3450 382 3490 ε
405 3427 565 3512 statimque
578 3443 781 3512 exequuntur.

178 3511 352 3577 LXXVll.
392 3512 497 3577 llledia
532 3514 612 3578 acies
641 3510 729 3577 Ubiis
760 3513 1008 3601 Lingonibusque
1047 3515 1135 3582 data:

134 3599 245 3664 dextro
259 3623 352 3665 comu
366 3602 510 3664 cohortes
521 3601 726 3664 Batavorum:
749 3601 864 3664 sinistro
880 3601 1020 3666 Bructeri
1033 3601 1138 3668 Tenc-

133 3688 263 3774 terique.
310 3687 386 3752 Pars
402 3689 565 3764 montibus,
582 3688 641 3764 alii,
657 3689 735 3751 viam
751 3689 829 3752 inter
843 3687 1065 3774 Mosellamque
1081 3689 1138 3753 flu-

134 3795 216 3855 men,
240 3789 302 3842 tam
324 3775 484 3862 improvisi*
504 3775 669 3926 assiludlrp3⁶
686 3789 721 3839 ut
746 3776 777 3840 in
802 3775 942 3840 cubiculo
968 3797 1003 3840 ac
1027 3776 1138 3842 lectulo
1198 3809 1202 3823 ·
