2560 4258
158 337 197 402 A.
215 337 256 402 C.
272 337 340 421 69.]
453 335 593 403 Hrsroa.
618 337 692 403 Lra.
717 335 861 405 Parnes.
1119 339 1159 402 15

160 525 239 580 esse,
256 503 304 589 qui
322 502 506 587 raperetur’:
530 504 617 566 simul
634 525 675 566 ex
690 503 755 567 total
770 505 854 581 urbe,
867 517 900 566 ut
915 503 1041 590 quisque
1053 503 1160 568 obvius

161 589 268 667 luerat,
292 590 340 652 alii
364 589 552 652 formidinem
568 606 724 670 augentes,
745 589 866 676 quidam
883 591 996 653 minora
1013 611 1095 668 vero,
1120 611 1160 654 ne

162 692 226 742 turn
243 676 364 762 quidem
388 677 472 738 obliti
495 676 683 738 adulationis.
730 675 823 758 Igitur
838 675 1073 740 consultantibus
1097 677 1161 762 pla-

153 763 232 840 cuit,
253 763 435 847 ‘pertentari
451 762 582 824 animum
598 762 730 824 cohortis
746 784 811 847 quae
827 763 856 824 in
874 762 985 846 palatio
999 763 1161 828 stationem

160 851 290 934 agebat:
315 869 371 912 nee
388 850 555 932 peripsum
571 847 701 910 Galbam
712 870 721 926 ;
750 848 836 933 cujus
862 849 977 932 integra
1000 851 1161 914 auctoritas

159 935 321 1021 majoribus
337 934 476 998 remediis
491 933 687 997 servabatur!
733 933 806 997 Piso
822 955 874 1020 pro
895 935 1035 1017 gradibus
1051 935 1159 1002 domins

162 1038 285 1086 vocatos
302 1023 331 1084 in
348 1022 429 1084 hunc
445 1021 568 1084 modum
580 1021 727 1084 allocutus
743 1036 806 1084 est:
831 1021 963 1085 ‘Sextus
975 1023 1039 1085 dies
1055 1024 1161 1106 agitur,

158 1109 391 1185 commilitones,
407 1129 448 1170 ex
465 1129 534 1192 quo,
547 1107 665 1188 ignarus
682 1106 780 1184 luturi,
793 1122 824 1170 et
838 1108 902 1170 sive
918 1109 1084 1192 optandum
1101 1109 1160 1174 hoc

161 1217 283 1272 nomen,
299 1196 362 1258 sive
380 1194 545 1257 timendum
562 1209 635 1271 erat,
652 1193 756 1257 Caesar
771 1195 879 1258 ascitus
895 1217 972 1258 sum.
1019 1193 1094 1270 Quo
1106 1196 1159 1260 do-

161 1283 228 1348 mtis
244 1297 350 1345 nostrae
366 1296 417 1344 aut
432 1281 622 1364 Reipublicae
639 1279 730 1344 latum
752 1282 780 1344 in
805 1281 905 1344 vestra
921 1303 1009 1346 manu
1027 1283 1159 1366 positum

160 1383 227 1447 est;
250 1391 320 1446 non,
345 1368 414 1453 quia
430 1389 499 1430 meo
515 1368 636 1429 nomine
652 1368 810 1430 tristiorem
834 1389 938 1431 casum
967 1389 1094 1452 paveam
1111 1369 1160 1456 (ut
1203 1414 1205 1418 ,

160 1456 224 1540 qui,
240 1455 381 1518 adversas
397 1475 444 1516 res
460 1469 616 1536 expertus,
632 1453 701 1516 cium
719 1454 851 1517 maxime
868 1455 977 1533 dicam,
998 1477 1036 1518 ne
1051 1476 1160 1519 secun·

160 1543 215 1606 das
231 1541 353 1626 quidem
369 1541 466 1603 minus
482 1541 658 1604 discriminis
675 1539 800 1626 babere)
815 1563 823 1618 ;
849 1543 948 1626 patris,
964 1555 995 1605 et
1017 1541 1158 1620 Senatris,

159 1642 193 1692 et
207 1630 299 1712 ipsius
315 1626 435 1710 Imperii
454 1627 551 1690 vicem
568 1627 667 1703 doleo,
680 1627 704 1690 si
721 1626 805 1689 nobis
821 1643 872 1690 aut
888 1629 984 1710 perire
1000 1628 1090 1690 hodie
1106 1649 1160 1692 ne·

159 1735 246 1778 cesse
262 1728 319 1791 est,
341 1728 403 1790 aut,
431 1715 510 1799 quod
526 1713 611 1797 eaqu'e
627 1713 705 1798 apud
730 1713 824 1776 bonos
847 1714 988 1775 miserum
1005 1727 1061 1790 est,
1077 1715 1158 1778 occi·

160 1801 246 1864 dere.
292 1800 440 1862 Solatium
457 1801 585 1882 ptroximi
599 1799 697 1862 motuis
713 1799 898 1861 habebamus
913 1799 1098 1863 incruentam
1109 1821 1160 1864 ur·

161 1886 244 1962 bem,
259 1900 291 1949 et
305 1907 352 1949 res
368 1887 431 1948 sine
447 1886 595 1948 discordia
610 1885 776 1948 translatas.
822 1885 981 1948 Provisum
998 1886 1159 1971 adoptione

162 1971 329 2050 videbatur,
343 1987 374 2035 ut
389 1993 427 2034 ne
444 1987 511 2055 post
528 1971 656 2035 Galbam
673 1972 794 2057 quidem
811 1972 891 2036 bello
906 1973 989 2036 locus
1002 1987 1093 2037 esset.

206 2057 319 2122 XXX.
343 2057 446 2121 ‘Nihil
462 2059 606 2140 arrogabo
631 2059 702 2122 mibi
725 2059 886 2122 nobilitatis
909 2073 961 2123 aut
983 2059 1156 2125 modestiae:

160 2167 260 2231 neque
276 2145 356 2208 enirn
372 2144 466 2207 relatu
483 2146 625 2208 virtutum
640 2146 669 2208 in
691 2147 914 2229 comparatione
931 2146 1062 2210 Othonis
1081 2167 1159 2232 opus

160 2246 219 2296 est.
270 2231 362 2310 Vitia,
393 2231 501 2316 quibus
530 2233 600 2295 solis
630 2232 781 2314 gloriatur,
815 2233 953 2296 evertere
982 2232 1158 2318 Imperium,

159 2319 253 2382 etiam
275 2318 345 2382 cium
369 2318 498 2380 amicum
526 2317 718 2403 Imperatoris
734 2323 846 2400 ageret.
891 2318 1046 2382 Habitune
1061 2334 1092 2382 et
1114 2321 1160 2382 in·

159 2425 261 2482 cessu,
284 2426 321 2467 an
344 2404 396 2466 illo
412 2403 547 2466 muliebri
563 2419 668 2467 ornatu
686 2419 850 2467 mereretur
865 2404 1053 2489 Imperium?
1086 2404 1159 2468 Fal·

161 2491 273 2568 luntur,
297 2491 404 2576 quibus
427 2491 544 2554 luxuria
566 2492 668 2575 specie
692 2491 874 2554 liberalitatis
900 2492 1038 2576 imponit.
1083 2491 1160 2556 Per·

161 2577 233 2640 dere
249 2578 304 2640 iste
320 2578 405 2653 sciet,
428 2576 539 2639 donare
562 2578 687 2640 nesciet.
734 2577 846 2659 Stupra
861 2599 941 2641 nunc
964 2592 995 2641 et
1017 2579 1160 2642 comissa·

161 2663 258 2726 tiones
271 2678 301 2726 et
317 2662 506 2726 soeminarum
522 2679 620 2726 coetus
637 2663 730 2726 volvit
745 2664 863 2726 animo:
888 2665 951 2727 haec
967 2663 1159 2748 Principatds

162 2750 283 2834 premia
300 2763 385 2832 putat
395 2770 403 2826 ;
427 2771 553 2834 quorum
570 2750 662 2812 libido
677 2771 712 2813 ac
729 2749 867 2833 voluptas
883 2771 977 2834 penes
992 2751 1091 2833 ipsum
1110 2751 1159 2828 sit,

163 2836 254 2898 rubor
269 2857 304 2898 ac
316 2835 449 2898 dedecus
466 2857 559 2920 penes
573 2857 691 2898 omnes.
737 2834 838 2898 Nemo
854 2837 934 2898 enim
950 2857 1082 2921 unquam
1099 2835 1160 2900 Im·

163 2922 291 3006 perium,
316 2921 428 3004 flagitio
452 2923 619 3006 qnaesitum,
646 2921 733 2984 bonis
758 2922 868 2985 artibus
891 2923 1039 2985 exercuit.
1084 2921 1161 2986 Gal-

161 3007 232 3070 bam
247 3029 411 3071 consensus
426 3009 543 3089 generis
560 3009 691 3084 humani,
713 3029 761 3070 me
778 3007 887 3084 Galba,
903 3009 1159 3072 consentientibus

162 3094 258 3172 vobis,
269 3094 420 3156 Caesarem
433 3094 519 3156 dixit.
565 3094 598 3157 Si
614 3094 800 3178 Respublica
816 3111 847 3157 et
862 3094 992 3158 Senatus
1008 3109 1039 3158 et
1055 3094 1159 3180 Popu-

161 3181 209 3244 lus
234 3201 310 3243 vana
326 3180 446 3242 nomiua
461 3195 550 3257 sunt3
574 3180 683 3259 vestri,
707 3181 938 3258 commilitones,
961 3181 1095 3259 interest,
1117 3201 1157 3244 ne

161 3265 380 3350 Imperatorem
410 3267 530 3350 pessimi
557 3266 677 3330 saciant.
723 3266 893 3349 Legionum
917 3267 1025 3330 seditio
1051 3267 1159 3330 adver·

161 3354 229 3417 sirm
245 3353 350 3416 Duces
365 3375 435 3416 suos
451 3354 550 3416 audita
562 3369 607 3416 est
623 3353 800 3439 aliquando:
826 3367 924 3416 vestra
936 3353 1008 3417 fides
1021 3352 1160 3438 famaque

162 3440 253 3504 illaesa
269 3440 305 3502 ad
323 3440 403 3502 bunc
419 3439 499 3502 diem
516 3441 641 3504 mansit:
666 3455 696 3502 et
713 3438 796 3502 Nero
813 3461 932 3524 quoque
946 3461 998 3502 vos
1014 3440 1159 3518 destituit,

162 3547 223 3589 non
240 3548 293 3589 vos
310 3523 476 3589 Neronem.
522 3525 623 3590 Minus
635 3526 753 3609 triginta
765 3526 922 3609 transfugae
934 3540 965 3589 et
980 3527 1159 3603 desertores,

163 3633 240 3698 quos
255 3611 473 3676 Centurionem
490 3629 540 3675 aut
555 3613 725 3676 Tribunum
750 3613 805 3675 sibi
826 3614 971 3695 eligentes
987 3633 1077 3674 nemo
1101 3611 1160 3674 ser-

164 3712 220 3774 ret,
254 3698 419 3782 Imperium
449 3699 663 3782 assignabunt?
701 3699 868 3762 Admittitis
896 3698 1095 3781 exemplum?
1129 3712 1161 3761 et

165 3786 349 3872 quiescendo
377 3807 539 3849 commune
565 3787 678 3848 crimen
705 3785 821 3848 facitis?
856 3784 1066 3847 Transcendet
1095 3784 1160 3848 baec

164 3870 286 3948 licentia
300 3873 329 3936 iu
347 3873 534 3958 provincias:
559 3873 642 3936 etad
658 3893 712 3934 nos
728 3871 876 3935 scelerum
892 3871 1001 3950 exitus,
1013 3870 1160 3933 bellorum
