2516 4250
118 213 164 280 66
456 209 498 276 C.
521 210 632 278 Coss.
655 210 781 278 Tscrrr
924 213 979 300 [A.
989 211 1032 280 U.
1045 213 1128 280 822.

119 376 260 441 renovari
274 375 390 439 bellurn
412 389 510 454 atrox,
537 377 677 460 lugubre,
700 378 849 442 incertum
876 379 962 442 victis
986 395 1017 443 et
1032 382 1134 444 victo·

119 466 211 528 ribus.

163 548 302 614 valt.
326 547 396 633 lpse
419 569 542 612 aversus
565 571 583 613 a
604 550 736 614 consiliis
751 551 834 628 belli,
857 549 993 629 ‘Hanc,'
1021 553 1132 636 inquit,

122 639 285 712 ‘animum,
312 637 389 698 banc
414 637 554 700 virtutem
581 654 710 700 vestram
727 637 805 700 ultrei
830 639 970 720 periculis
985 638 1137 722 objicere,
1219 679 1223 682 -

122 725 210 787 nimis
226 723 340 803 grande
363 723 430 785 vite
455 745 529 786 mee
552 725 680 808 pretium
698 740 780 808 poto.
825 723 951 797 Quantb
974 724 1040 808 plus
1063 726 1132 808 spei

94 867 98 876 .
122 810 290 885 ostenditis,
316 809 340 871 si
368 810 469 872 vivere
500 812 645 895 placeret,
671 809 756 873 tanto
780 811 933 895 pulchrior
958 833 1038 874 mors
1061 813 1132 875 erit.

125 897 255 979 Experti
271 896 400 958 invicem
414 917 528 973 sumus,
540 919 598 980 ego
614 920 650 960 ac
662 897 816 960 Fortuna:
840 919 898 960 nec
913 911 1034 981 tempus
1046 920 1136 962 com·

126 983 322 1068 putaveritis:
345 983 494 1045 difficilius
519 1000 565 1046 est
588 999 757 1068 temperare
781 981 926 1060 felicitati,
950 984 1011 1069 quai
1026 999 1056 1047 te
1072 1007 1137 1048 con

125 1083 214 1154 putes
230 1068 283 1131 diu
297 1090 430 1132 usurum.
476 1068 578 1133 Civile
600 1071 712 1133 bellum
729 1092 746 1133 a
763 1068 889 1134 Vitellio
903 1073 1008 1156 coepit,
1031 1085 1073 1148 et,
1101 1088 1137 1136 ut

126 1157 164 1219 de
177 1155 353 1239 Principatu
368 1171 554 1220 certaremus
569 1159 669 1234 armis,
685 1157 800 1220 initium
816 1157 875 1220 illic
899 1157 971 1221 luit:
996 1180 1034 1220 ne
1052 1159 1138 1240 plus-

147 1263 216 1306 uam
239 1242 336 1304 semel
357 1257 521 1318 certemus,
553 1265 647 1327 penes
673 1265 722 1306 me
749 1244 926 1327 exemplum
954 1245 1028 1308 erit:
1062 1245 1138 1308 hinc

126 1265 284 1391 brnonem
299 1329 455 1412 posteritas
471 1330 608 1393 aestimet.
647 1329 779 1393 Fruetur
792 1329 934 1394 Vitellius
949 1331 1139 1408 fratre,con-

128 1415 134 1429 '
159 1437 209 1498 ge,
224 1416 346 1478 liberis:
375 1416 447 1478 mibi
471 1438 530 1480 non
559 1417 684 1493 ultione,
706 1437 806 1501 neque
832 1418 944 1480 solatiis
971 1439 1047 1501 opus
1074 1432 1134 1481 est.

126 1503 189 1565 Alii
201 1502 311 1564 diutius
326 1501 490 1587 lmperium
503 1505 672 1566 tenuerint:
696 1518 858 1566 nemetum
875 1503 988 1566 sortiter
1004 1505 1137 1588 relique·

127 1589 175 1653 rit.
215 1589 265 1651 An
281 1610 339 1672 ego
365 1605 482 1652 tanturn
506 1589 654 1653 Romanae
669 1590 767 1674 pubis,
789 1605 833 1652 tot
855 1591 992 1672 egregios
1015 1591 1139 1653 exerci-

127 1690 186 1753 tus,
202 1677 294 1739 sterni
310 1697 420 1754 rursus,
436 1692 467 1740 et
483 1675 672 1762 Reipublicoe
684 1677 758 1760 eripi
772 1676 888 1760 patiar?
927 1675 988 1740 Eat
1003 1677 1053 1740 bic
1069 1697 1136 1740 me·

127 1764 342 1839 comunimus,
365 1777 508 1848 tanquam
536 1764 658 1848 perituri
682 1785 737 1848 pro
760 1785 809 1826 me
826 1761 959 1841 fueritis;
989 1763 1044 1826 sed
1069 1778 1138 1826 este

129 1850 328 1933 superstites:
350 1869 407 1912 nec
422 1851 472 1912 diu
489 1871 652 1926 moremur,
664 1872 722 1931 ego
737 1850 975 1913 incolumitatem
991 1864 1139 1927 vestrum,

130 1955 184 1998 ros
197 1935 398 1998 constantiam
415 1957 526 1998 meam.
572 1936 664 2000 Plora
679 1937 719 1999 de
735 1937 879 1999 extremis
894 1936 988 2022 loqui,
1008 1957 1076 2020 pars
1092 1937 1138 2020 ig·

129 2021 225 2084 aaviae
241 2035 307 2083 est:
330 2022 515 2104 precipuum
530 2022 737 2087 destinationis
753 2043 830 2086 mee
844 2022 1060 2086 documentum
1083 2023 1139 2086 ba·

130 2107 212 2184 bete,
236 2107 317 2193 qubd
333 2107 371 2170 de
388 2109 509 2188 nemina
525 2129 652 2194 queror;
675 2130 744 2172 num
767 2110 904 2174 incusare
920 2109 993 2174 deos
1010 2109 1059 2173 val
1082 2111 1141 2172 bo·

132 2196 239 2270 mines,
256 2193 321 2278 ejus
337 2209 393 2268 est,
410 2195 459 2278 qui
477 2195 578 2258 vivere
591 2195 685 2258 velit!

177 2278 334 2344 XLVlll.
357 2279 447 2344 Talia
462 2280 592 2359 locutus,
607 2296 639 2345 ut
654 2281 764 2367 cuique
779 2295 850 2346 retas
865 2297 917 2346 aut
932 2281 1071 2365 dignitas,
1085 2303 1140 2346 co·

132 2367 222 2430 miter
236 2366 417 2450 appellatos,
438 2367 534 2430 ‘irent
549 2368 687 2452 properis,
710 2389 771 2432 neu
785 2369 969 2432 remanendo
983 2370 1058 2432 iram
1076 2369 1141 2432 vic·

132 2453 205 2517 toris
221 2453 415 2538 asperarent,’
427 2453 558 2538 juvenes
573 2456 760 2532 auctoritate,
775 2475 863 2518 senes
879 2455 1018 2540 precibus
1034 2477 1142 2518 move·

131 2541 203 2603 bat:
227 2539 362 2624 placidus
377 2561 440 2617 ore,
463 2541 628 2622 intrepidus
644 2542 753 2617 verbis,
776 2542 1001 2625 intempestivas
1016 2563 1141 2604 suorum

132 2628 283 2710 lacrymas
298 2647 453 2690 coercens·
499 2626 593 2690 ‘Duri
609 2649 709 2690 ¹naves
729 2648 764 2690 ac
786 2627 935 2690 vehicula’
959 2629 1140 2692 abeuntibus

132 2713 242 2800 jubetr
262 2713 379 2776 libellos
394 2713 609 2798 epistolasque,
621 2714 721 2777 studio
735 2735 807 2794 erga
821 2736 855 2777 se
870 2728 922 2777 ant
938 2714 966 2777 in
981 2713 1142 2778 Vitellium

133 2800 326 2865 contumeliis
353 2801 496 2882 insignes,
522 2801 646 2864 aboleta
673 2801 818 2885 pecunias
846 2801 1005 2876 distribuit,
1037 2801 1143 2884 parce,

134 2907 192 2952 nec
209 2902 240 2950 ut
255 2887 413 2969 periturns.
452 2886 531 2950 Mox
544 2887 678 2951 Salvium
692 2887 910 2964 Cocceianum,
926 2885 1022 2950 fratris
1035 2888 1143 2965 fitium,

135 2972 384 3058 primbjuventb,
406 2975 559 3057 trepidum
582 2987 612 3038 et
635 2989 827 3051 moerentem,
854 2973 933 3037 ultrb
955 2974 1068 3038 solatus
1083 2991 1143 3051 est,

134 3061 289 3124 laudando
310 3066 319 3097 ‘
331 3061 485 3145 pietatem'
509 3060 585 3146 ejus,
613 3062 788 3143 castigando
813 3060 1055 3123 ‘lormidirremt’
1080 3067 1141 3123 ‘an

138 3145 297 3210 Vitellium
324 3162 384 3210 tam
409 3148 531 3210 immitis
557 3148 646 3210 animi
671 3147 746 3224 mre,
769 3163 815 3225 nt,
840 3169 895 3232 pro
921 3147 1063 3211 incolumi
1079 3146 1142 3211 totir

138 3234 239 3310 domu,
264 3255 303 3296 ne
327 3234 404 3296 banc
420 3235 541 3318 quidem
566 3235 621 3296 sibi
647 3236 769 3316 gratiam
786 3235 946 3298 redderet?
978 3233 1085 3296 mereri
1108 3255 1141 3298 se

137 3319 277 3384 festinato
293 3321 377 3383 exitu
392 3321 585 3383 clementiam
598 3322 728 3384 victoris.
767 3320 837 3384 Non
854 3321 935 3384 enim
952 3320 1059 3382 ultimis
1074 3319 1144 3384 des·

136 3409 302 3492 peratione,
331 3406 384 3470 sed
409 3421 555 3490 poscente
578 3409 709 3490 prelium
733 3408 880 3484 exercitu,
902 3407 1052 3470 remisisse
1068 3406 1143 3470 Rei·

140 3495 267 3576 publicre
282 3494 476 3556 novissimum
493 3515 606 3556 casum.
654 3492 734 3558 Satis
750 3496 805 3558 sibi
821 3494 962 3571 nominis,
985 3491 1056 3556 satis
1073 3515 1144 3578 pos-

138 3580 209 3644 teris
224 3581 286 3642 suis
301 3581 460 3644 nobilitatis
482 3581 660 3666 quesitum:
681 3596 748 3665 post
762 3580 873 3658 Julius,
888 3579 1046 3656 Claudios,
1071 3579 1144 3644 Ser·

138 3667 213 3744 rios,
240 3687 274 3730 se
299 3667 426 3750 primiani
454 3669 484 3730 iu
511 3667 653 3731 familiam
679 3689 790 3731 novum
805 3667 971 3752 lmperinm
986 3667 1146 3730 intulisse:

139 3753 266 3836 proinde
281 3768 384 3818 erecto
404 3756 505 3818 animo
520 3768 694 3840 capesseret
711 3755 814 3834 vitam,
839 3775 913 3833 neo,
934 3769 1072 3839 patruum
1089 3754 1145 3818 sibi
