<?xml version="1.0" encoding="UTF-8"?>
<!DOCTYPE html PUBLIC "-//W3C//DTD XHTML 1.0 Transitional//EN"
    "http://www.w3.org/TR/xhtml1/DTD/xhtml1-transitional.dtd">
<html xmlns="http://www.w3.org/1999/xhtml" xml:lang="en" lang="en">
 <head>
  <title>
</title>
<meta http-equiv="Content-Type" content="text/html;charset=utf-8" />
  <meta name='ocr-system' content='tesseract 3.04.00' />
  <meta name='ocr-capabilities' content='ocr_page ocr_carea ocr_par ocr_line ocrx_word'/>
</head>
<body>
  <div class='ocr_page' id='page_1' title='image "./ccorneliitaciti24tacigoog_0309.png"; bbox 0 0 2484 4316; ppageno 0'>
   <div class='ocr_carea' id='block_1_1' title="bbox 112 211 1115 299">
    <p class='ocr_par' dir='ltr' id='par_1_1' title="bbox 112 211 1115 299">
     <span class='ocr_line' id='line_1_1' title="bbox 112 211 1115 299; baseline 0.002 -19"><span class='ocrx_word' id='word_1_1' title='bbox 112 213 154 280; x_wconf 80' lang='lat' dir='ltr'>A.</span> <span class='ocrx_word' id='word_1_2' title='bbox 171 213 212 279; x_wconf 89' lang='lat' dir='ltr'>C.</span> <span class='ocrx_word' id='word_1_3' title='bbox 227 211 296 299; x_wconf 84' lang='lat'><strong>69.]</strong></span> <span class='ocrx_word' id='word_1_4' title='bbox 387 213 530 280; x_wconf 80' lang='lat' dir='ltr'>Hrsroa.</span> <span class='ocrx_word' id='word_1_5' title='bbox 554 214 630 280; x_wconf 79' lang='lat' dir='ltr'>Lra.</span> <span class='ocrx_word' id='word_1_6' title='bbox 654 215 831 292; x_wconf 79' lang='lat' dir='ltr'>Qorarus.</span> <span class='ocrx_word' id='word_1_7' title='bbox 1054 220 1115 282; x_wconf 80' lang='lat'>147</span> 
     </span>
    </p>
   </div>
   <div class='ocr_carea' id='block_1_2' title="bbox 160 362 1116 464">
    <p class='ocr_par' dir='ltr' id='par_1_2' title="bbox 160 362 1116 464">
     <span class='ocr_line' id='line_1_2' title="bbox 160 362 1116 464; baseline 0.002 -22"><span class='ocrx_word' id='word_1_8' title='bbox 160 377 300 443; x_wconf 89' lang='lat' dir='ltr'>XXVH.</span> <span class='ocrx_word' id='word_1_9' title='bbox 324 377 419 443; x_wconf 80' lang='lat' dir='ltr'>Forte</span> <span class='ocrx_word' id='word_1_10' title='bbox 442 401 561 456; x_wconf 89' lang='lat' dir='ltr'>navem,</span> <span class='ocrx_word' id='word_1_11' title='bbox 588 380 670 444; x_wconf 89' lang='lat' dir='ltr'>haud</span> <span class='ocrx_word' id='word_1_12' title='bbox 696 380 799 464; x_wconf 90' lang='lat' dir='ltr'>procul</span> <span class='ocrx_word' id='word_1_13' title='bbox 826 379 941 456; x_wconf 88' lang='lat' dir='ltr'>castris,</span> <span class='ocrx_word' id='word_1_14' title='bbox 966 362 1116 444; x_wconf 82' lang='lat' dir='ltr'>frumento</span> 
     </span>
    </p>
   </div>
   <div class='ocr_carea' id='block_1_3' title="bbox 12 465 1115 550">
    <p class='ocr_par' dir='ltr' id='par_1_3' title="bbox 12 465 1115 550">
     <span class='ocr_line' id='line_1_3' title="bbox 12 465 1115 550; baseline 0.002 -22"><span class='ocrx_word' id='word_1_15' title='bbox 12 537 13 540; x_wconf 12' lang='grc'><em>3</em></span> <span class='ocrx_word' id='word_1_16' title='bbox 116 487 251 549; x_wconf 78' lang='lat' dir='ltr'>gravem,</span> <span class='ocrx_word' id='word_1_17' title='bbox 267 465 338 529; x_wconf 83' lang='lat' dir='ltr'>cirm</span> <span class='ocrx_word' id='word_1_18' title='bbox 361 488 416 550; x_wconf 93' lang='lat' dir='ltr'>per</span> <span class='ocrx_word' id='word_1_19' title='bbox 433 467 509 528; x_wconf 87' lang='lat' dir='ltr'>vada</span> <span class='ocrx_word' id='word_1_20' title='bbox 534 466 676 543; x_wconf 79' lang='lat' dir='ltr'>hesisset,</span> <span class='ocrx_word' id='word_1_21' title='bbox 693 465 838 530; x_wconf 82' lang='lat' dir='ltr'><strong>Germani</strong></span> <span class='ocrx_word' id='word_1_22' title='bbox 861 467 891 530; x_wconf 93' lang='lat' dir='ltr'>iu</span> <span class='ocrx_word' id='word_1_23' title='bbox 914 487 998 529; x_wconf 90' lang='lat' dir='ltr'>suam</span> <span class='ocrx_word' id='word_1_24' title='bbox 1020 468 1115 550; x_wconf 82' lang='lat' dir='ltr'><strong>ripam</strong></span> 
     </span>
    </p>
   </div>
   <div class='ocr_carea' id='block_1_4' title="bbox 110 551 1175 3844">
    <p class='ocr_par' dir='ltr' id='par_1_4' title="bbox 110 551 1175 2024">
     <span class='ocr_line' id='line_1_4' title="bbox 116 551 1117 638; baseline -0.002 -21"><span class='ocrx_word' id='word_1_25' title='bbox 116 553 284 617; x_wconf 86' lang='lat' dir='ltr'>trahebant.</span> <span class='ocrx_word' id='word_1_26' title='bbox 331 551 401 616; x_wconf 90' lang='lat' dir='ltr'>Non</span> <span class='ocrx_word' id='word_1_27' title='bbox 417 553 483 618; x_wconf 89' lang='lat' dir='ltr'>tulit</span> <span class='ocrx_word' id='word_1_28' title='bbox 498 552 615 627; x_wconf 82' lang='lat' dir='ltr'>Gallus,</span> <span class='ocrx_word' id='word_1_29' title='bbox 631 554 770 638; x_wconf 86' lang='lat' dir='ltr'><strong>misitque</strong></span> <span class='ocrx_word' id='word_1_30' title='bbox 793 553 925 618; x_wconf 90' lang='lat' dir='ltr'>subsidio</span> <span class='ocrx_word' id='word_1_31' title='bbox 948 554 1117 616; x_wconf 88' lang='lat' dir='ltr'>cohortem.</span> 
     </span>
     <span class='ocr_line' id='line_1_5' title="bbox 115 638 1117 725; baseline 0.002 -25"><span class='ocrx_word' id='word_1_32' title='bbox 115 639 275 724; x_wconf 56' lang='lat' dir='ltr'>Auctusct</span> <span class='ocrx_word' id='word_1_33' title='bbox 289 638 511 704; x_wconf 88' lang='lat' dir='ltr'>Germanorum</span> <span class='ocrx_word' id='word_1_34' title='bbox 535 661 689 715; x_wconf 89' lang='lat' dir='ltr'>numerus,</span> <span class='ocrx_word' id='word_1_35' title='bbox 707 641 911 725; x_wconf 74' lang='lat' dir='ltr'><strong>paulatimque</strong></span> <span class='ocrx_word' id='word_1_36' title='bbox 928 641 1117 722; x_wconf 83' lang='lat' dir='ltr'>aggregami-</span> 
     </span>
     <span class='ocr_line' id='line_1_6' title="bbox 115 725 1116 808; baseline 0.002 -20"><span class='ocrx_word' id='word_1_37' title='bbox 115 726 174 789; x_wconf 89' lang='lat' dir='ltr'>bus</span> <span class='ocrx_word' id='word_1_38' title='bbox 189 747 222 789; x_wconf 89' lang='lat' dir='ltr'>se</span> <span class='ocrx_word' id='word_1_39' title='bbox 239 727 365 803; x_wconf 81' lang='lat' dir='ltr'>auxiliis,</span> <span class='ocrx_word' id='word_1_40' title='bbox 382 727 446 790; x_wconf 87' lang='lat' dir='ltr'>acie</span> <span class='ocrx_word' id='word_1_41' title='bbox 458 741 618 790; x_wconf 87' lang='lat' dir='ltr'>certatum.</span> <span class='ocrx_word' id='word_1_42' title='bbox 664 727 809 790; x_wconf 84' lang='lat' dir='ltr'>Germani</span> <span class='ocrx_word' id='word_1_43' title='bbox 825 725 919 790; x_wconf 67' lang='lat' dir='ltr'>multi</span> <span class='ocrx_word' id='word_1_44' title='bbox 932 747 1002 789; x_wconf 90' lang='lat' dir='ltr'>cum</span> <span class='ocrx_word' id='word_1_45' title='bbox 1019 743 1116 808; x_wconf 82' lang='lat' dir='ltr'>strage</span> 
     </span>
     <span class='ocr_line' id='line_1_7' title="bbox 114 811 1116 914; baseline 0 -38"><span class='ocrx_word' id='word_1_46' title='bbox 114 827 283 876; x_wconf 85' lang='lat' dir='ltr'>nostrorum</span> <span class='ocrx_word' id='word_1_47' title='bbox 310 834 419 876; x_wconf 83' lang='lat' dir='ltr'>navem</span> <span class='ocrx_word' id='word_1_48' title='bbox 441 814 599 914; x_wconf 84' lang='lat' dir='ltr'>abripiunt.</span> <span class='ocrx_word' id='word_1_49' title='bbox 643 811 724 877; x_wconf 83' lang='lat' dir='ltr'>Victi</span> <span class='ocrx_word' id='word_1_50' title='bbox 748 813 843 898; x_wconf 92' lang='lat' dir='ltr'>(quod</span> <span class='ocrx_word' id='word_1_51' title='bbox 868 825 931 876; x_wconf 87' lang='lat' dir='ltr'>tum</span> <span class='ocrx_word' id='word_1_52' title='bbox 954 813 983 876; x_wconf 93' lang='lat' dir='ltr'>in</span> <span class='ocrx_word' id='word_1_53' title='bbox 1001 833 1116 876; x_wconf 88' lang='lat' dir='ltr'>morem</span> 
     </span>
     <span class='ocr_line' id='line_1_8' title="bbox 114 897 1116 1006; baseline 0 -44"><span class='ocrx_word' id='word_1_54' title='bbox 114 897 259 984; x_wconf 85' lang='lat' dir='ltr'>verterat)</span> <span class='ocrx_word' id='word_1_55' title='bbox 278 921 336 962; x_wconf 89' lang='lat' dir='ltr'>non</span> <span class='ocrx_word' id='word_1_56' title='bbox 352 918 437 962; x_wconf 90' lang='lat' dir='ltr'>suam</span> <span class='ocrx_word' id='word_1_57' title='bbox 461 900 620 1000; x_wconf 83' lang='lat' dir='ltr'>ignaviam,</span> <span class='ocrx_word' id='word_1_58' title='bbox 636 902 689 964; x_wconf 90' lang='lat' dir='ltr'>sed</span> <span class='ocrx_word' id='word_1_59' title='bbox 692 901 860 1006; x_wconf 34' lang='lat' dir='ltr'>&#39;perfidiam</span> <span class='ocrx_word' id='word_1_60' title='bbox 884 899 992 981; x_wconf 85' lang='lat' dir='ltr'>Legati</span> <span class='ocrx_word' id='word_1_61' title='bbox 1013 901 1116 984; x_wconf 88' lang='lat' dir='ltr'>eulpa·</span> 
     </span>
     <span class='ocr_line' id='line_1_9' title="bbox 114 985 1119 1064; baseline 0.001 -16"><span class='ocrx_word' id='word_1_62' title='bbox 114 985 200 1048; x_wconf 87' lang='lat' dir='ltr'>bant.</span> <span class='ocrx_word' id='word_1_63' title='bbox 246 985 438 1050; x_wconf 87' lang='lat' dir='ltr'>Protractum</span> <span class='ocrx_word' id='word_1_64' title='bbox 461 1009 479 1049; x_wconf 91' lang='lat' dir='ltr'>e</span> <span class='ocrx_word' id='word_1_65' title='bbox 502 988 641 1064; x_wconf 86' lang='lat' dir='ltr'>tentorio,</span> <span class='ocrx_word' id='word_1_66' title='bbox 657 985 750 1050; x_wconf 87' lang='lat' dir='ltr'>scissa</span> <span class='ocrx_word' id='word_1_67' title='bbox 766 1000 862 1063; x_wconf 90' lang='lat' dir='ltr'>veste,</span> <span class='ocrx_word' id='word_1_68' title='bbox 879 987 1036 1050; x_wconf 87' lang='lat' dir='ltr'>verberato</span> <span class='ocrx_word' id='word_1_69' title='bbox 1051 1007 1119 1050; x_wconf 89' lang='lat' dir='ltr'>cor-</span> 
     </span>
     <span class='ocr_line' id='line_1_10' title="bbox 113 1060 1115 1174; baseline 0.002 -40"><span class='ocrx_word' id='word_1_70' title='bbox 113 1079 223 1157; x_wconf 89' lang='lat' dir='ltr'>pere,‘</span> <span class='ocrx_word' id='word_1_71' title='bbox 233 1094 294 1172; x_wconf 89' lang='lat' dir='ltr'>quo</span> <span class='ocrx_word' id='word_1_72' title='bbox 315 1060 422 1156; x_wconf 88' lang='lat' dir='ltr'>pretio,</span> <span class='ocrx_word' id='word_1_73' title='bbox 439 1074 546 1174; x_wconf 84' lang='lat' dir='ltr'>quibus</span> <span class='ocrx_word' id='word_1_74' title='bbox 567 1075 705 1150; x_wconf 87' lang='lat' dir='ltr'>consciis,</span> <span class='ocrx_word' id='word_1_75' title='bbox 730 1074 910 1159; x_wconf 77' lang='lat' dir='ltr'>prodidisset</span> <span class='ocrx_word' id='word_1_76' title='bbox 925 1072 1115 1150; x_wconf 60' lang='lat' dir='ltr'>exercitum?</span> 
     </span>
     <span class='ocr_line' id='line_1_11' title="bbox 115 1158 1117 1244; baseline 0 -22"><span class='ocrx_word' id='word_1_77' title='bbox 115 1159 216 1222; x_wconf 81' lang='lat' dir='ltr'>dicere</span> <span class='ocrx_word' id='word_1_78' title='bbox 227 1158 347 1244; x_wconf 87' lang='lat' dir='ltr'>jubent</span> <span class='ocrx_word' id='word_1_79' title='bbox 388 1158 502 1224; x_wconf 89' lang='lat' dir='ltr'>Redit</span> <span class='ocrx_word' id='word_1_80' title='bbox 495 1183 524 1223; x_wconf 88' lang='lat' dir='ltr'>rn</span> <span class='ocrx_word' id='word_1_81' title='bbox 538 1159 746 1224; x_wconf 84' lang='lat' dir='ltr'>Hordeonium</span> <span class='ocrx_word' id='word_1_82' title='bbox 757 1161 877 1224; x_wconf 85' lang='lat' dir='ltr'>invidia.</span> <span class='ocrx_word' id='word_1_83' title='bbox 923 1160 1012 1224; x_wconf 92' lang='lat' dir='ltr'>Illum</span> <span class='ocrx_word' id='word_1_84' title='bbox 1026 1167 1117 1223; x_wconf 87' lang='lat' dir='ltr'>‘auc-</span> 
     </span>
     <span class='ocr_line' id='line_1_12' title="bbox 114 1243 1116 1348; baseline 0 -38"><span class='ocrx_word' id='word_1_85' title='bbox 114 1261 210 1310; x_wconf 87' lang='lat' dir='ltr'>torem</span> <span class='ocrx_word' id='word_1_86' title='bbox 226 1245 356 1310; x_wconf 88' lang='lat' dir='ltr'>sceleris&#39;</span> <span class='ocrx_word' id='word_1_87' title='bbox 374 1243 464 1324; x_wconf 88' lang='lat' dir='ltr'>bunc,</span> <span class='ocrx_word' id='word_1_88' title='bbox 488 1247 685 1311; x_wconf 89' lang='lat' dir='ltr'>‘ministrum&#39;</span> <span class='ocrx_word' id='word_1_89' title='bbox 702 1261 833 1348; x_wconf 77' lang='lat' dir='ltr'>vocaqt3</span> <span class='ocrx_word' id='word_1_90' title='bbox 856 1248 964 1323; x_wconf 86' lang='lat' dir='ltr'>donec,</span> <span class='ocrx_word' id='word_1_91' title='bbox 989 1247 1116 1310; x_wconf 88' lang='lat' dir='ltr'>exitium</span> 
     </span>
     <span class='ocr_line' id='line_1_13' title="bbox 113 1333 1118 1418; baseline 0 -22"><span class='ocrx_word' id='word_1_92' title='bbox 113 1333 317 1396; x_wconf 84' lang='lat' dir='ltr'>minitantibus</span> <span class='ocrx_word' id='word_1_93' title='bbox 339 1335 509 1411; x_wconf 85' lang='lat' dir='ltr'>exterritus,</span> <span class='ocrx_word' id='word_1_94' title='bbox 533 1335 732 1418; x_wconf 84' lang='lat' dir='ltr'>proditionem</span> <span class='ocrx_word' id='word_1_95' title='bbox 745 1349 775 1399; x_wconf 90' lang='lat' dir='ltr'>et</span> <span class='ocrx_word' id='word_1_96' title='bbox 790 1335 854 1418; x_wconf 90' lang='lat' dir='ltr'>ipse</span> <span class='ocrx_word' id='word_1_97' title='bbox 871 1333 1048 1396; x_wconf 88' lang='lat' dir='ltr'>Hordeonio</span> <span class='ocrx_word' id='word_1_98' title='bbox 1063 1334 1118 1396; x_wconf 90' lang='lat' dir='ltr'>ob·</span> 
     </span>
     <span class='ocr_line' id='line_1_14' title="bbox 111 1417 1117 1524; baseline 0 -42"><span class='ocrx_word' id='word_1_99' title='bbox 111 1417 209 1505; x_wconf 82' lang='lat' dir='ltr'>jecit3</span> <span class='ocrx_word' id='word_1_100' title='bbox 219 1420 422 1524; x_wconf 89' lang='lat' dir='ltr'>vinctusque,</span> <span class='ocrx_word' id='word_1_101' title='bbox 438 1421 569 1483; x_wconf 89' lang='lat' dir='ltr'>adventu</span> <span class='ocrx_word' id='word_1_102' title='bbox 586 1421 709 1482; x_wconf 91' lang='lat' dir='ltr'>demum</span> <span class='ocrx_word' id='word_1_103' title='bbox 723 1419 849 1483; x_wconf 82' lang='lat' dir='ltr'>Voculae</span> <span class='ocrx_word' id='word_1_104' title='bbox 865 1421 1041 1483; x_wconf 82' lang='lat' dir='ltr'>exsolvitur.</span> <span class='ocrx_word' id='word_1_105' title='bbox 1087 1419 1117 1482; x_wconf 89' lang='lat' dir='ltr'>Is</span> 
     </span>
     <span class='ocr_line' id='line_1_15' title="bbox 114 1504 1118 1591; baseline -0.001 -22"><span class='ocrx_word' id='word_1_106' title='bbox 114 1504 236 1591; x_wconf 88' lang='lat' dir='ltr'>postera</span> <span class='ocrx_word' id='word_1_107' title='bbox 257 1507 306 1570; x_wconf 87' lang='lat' dir='ltr'>die</span> <span class='ocrx_word' id='word_1_108' title='bbox 329 1520 466 1569; x_wconf 83' lang='lat' dir='ltr'>auctores</span> <span class='ocrx_word' id='word_1_109' title='bbox 493 1507 645 1570; x_wconf 88' lang='lat' dir='ltr'>seditionis</span> <span class='ocrx_word' id='word_1_110' title='bbox 671 1521 769 1569; x_wconf 88' lang='lat' dir='ltr'>morte</span> <span class='ocrx_word' id='word_1_111' title='bbox 794 1507 906 1569; x_wconf 86' lang='lat' dir='ltr'>affecit.</span> <span class='ocrx_word' id='word_1_112' title='bbox 951 1505 1053 1568; x_wconf 89' lang='lat' dir='ltr'>Tanta</span> <span class='ocrx_word' id='word_1_113' title='bbox 1076 1505 1118 1568; x_wconf 90' lang='lat' dir='ltr'>illi</span> 
     </span>
     <span class='ocr_line' id='line_1_16' title="bbox 114 1589 1119 1676; baseline -0.001 -21"><span class='ocrx_word' id='word_1_114' title='bbox 114 1593 262 1656; x_wconf 85' lang='lat' dir='ltr'>exercitui</span> <span class='ocrx_word' id='word_1_115' title='bbox 289 1592 445 1655; x_wconf 89' lang='lat' dir='ltr'>diversitas</span> <span class='ocrx_word' id='word_1_116' title='bbox 475 1593 571 1654; x_wconf 85' lang='lat' dir='ltr'>inerat</span> <span class='ocrx_word' id='word_1_117' title='bbox 600 1593 727 1656; x_wconf 85' lang='lat' dir='ltr'>licentiae</span> <span class='ocrx_word' id='word_1_118' title='bbox 755 1593 979 1676; x_wconf 77' lang='lat' dir='ltr'>patientiaque.</span> <span class='ocrx_word' id='word_1_119' title='bbox 1025 1589 1119 1654; x_wconf 89' lang='lat' dir='ltr'>Haud</span> 
     </span>
     <span class='ocr_line' id='line_1_17' title="bbox 110 1677 1120 1762; baseline -0.002 -20"><span class='ocrx_word' id='word_1_120' title='bbox 110 1679 206 1742; x_wconf 90' lang='lat' dir='ltr'>dubie</span> <span class='ocrx_word' id='word_1_121' title='bbox 223 1678 376 1760; x_wconf 83' lang='lat' dir='ltr'>gregarius</span> <span class='ocrx_word' id='word_1_122' title='bbox 398 1679 485 1742; x_wconf 87' lang='lat' dir='ltr'>miles</span> <span class='ocrx_word' id='word_1_123' title='bbox 499 1677 623 1742; x_wconf 89' lang='lat' dir='ltr'>Vitellio</span> <span class='ocrx_word' id='word_1_124' title='bbox 646 1679 742 1740; x_wconf 80' lang='lat' dir='ltr'>fidusr</span> <span class='ocrx_word' id='word_1_125' title='bbox 764 1679 1024 1762; x_wconf 87' lang='lat' dir='ltr'>splendidissimus</span> <span class='ocrx_word' id='word_1_126' title='bbox 1039 1678 1120 1761; x_wconf 91' lang='lat' dir='ltr'>quis·</span> 
     </span>
     <span class='ocr_line' id='line_1_18' title="bbox 114 1763 1117 1865; baseline 0.001 -38"><span class='ocrx_word' id='word_1_127' title='bbox 114 1766 220 1865; x_wconf 86' lang='lat' dir='ltr'>quein</span> <span class='ocrx_word' id='word_1_128' title='bbox 239 1763 458 1864; x_wconf 87' lang='lat' dir='ltr'>Vespasianum</span> <span class='ocrx_word' id='word_1_129' title='bbox 476 1766 578 1849; x_wconf 91' lang='lat' dir='ltr'>proni:</span> <span class='ocrx_word' id='word_1_130' title='bbox 603 1764 673 1827; x_wconf 91' lang='lat' dir='ltr'>iude</span> <span class='ocrx_word' id='word_1_131' title='bbox 689 1765 837 1828; x_wconf 88' lang='lat' dir='ltr'>scelerum</span> <span class='ocrx_word' id='word_1_132' title='bbox 850 1786 886 1828; x_wconf 88' lang='lat' dir='ltr'>ac</span> <span class='ocrx_word' id='word_1_133' title='bbox 900 1764 1117 1848; x_wconf 85' lang='lat' dir='ltr'>suppliciorum</span> 
     </span>
     <span class='ocr_line' id='line_1_19' title="bbox 114 1850 1175 1951; baseline 0 -37"><span class='ocrx_word' id='word_1_134' title='bbox 114 1851 210 1951; x_wconf 78' lang='lat' dir='ltr'>vices,</span> <span class='ocrx_word' id='word_1_135' title='bbox 233 1865 264 1914; x_wconf 91' lang='lat' dir='ltr'>et</span> <span class='ocrx_word' id='word_1_136' title='bbox 280 1852 391 1914; x_wconf 85' lang='lat' dir='ltr'>mixtus</span> <span class='ocrx_word' id='word_1_137' title='bbox 406 1851 551 1936; x_wconf 89' lang='lat' dir='ltr'>obsequio</span> <span class='ocrx_word' id='word_1_138' title='bbox 570 1850 669 1914; x_wconf 87' lang='lat' dir='ltr'>suror:</span> <span class='ocrx_word' id='word_1_139' title='bbox 694 1865 727 1915; x_wconf 87' lang='lat' dir='ltr'>ut</span> <span class='ocrx_word' id='word_1_140' title='bbox 741 1851 887 1915; x_wconf 86' lang='lat' dir='ltr'>contineri</span> <span class='ocrx_word' id='word_1_141' title='bbox 909 1873 969 1914; x_wconf 92' lang='lat' dir='ltr'>non</span> <span class='ocrx_word' id='word_1_142' title='bbox 983 1863 1116 1936; x_wconf 88' lang='lat' dir='ltr'>possent,</span> <span class='ocrx_word' id='word_1_143' title='bbox 1170 1885 1175 1894; x_wconf 92' lang='lat'><em>·</em></span> 
     </span>
     <span class='ocr_line' id='line_1_20' title="bbox 114 1938 445 2024; baseline 0.003 -24"><span class='ocrx_word' id='word_1_144' title='bbox 114 1938 167 2024; x_wconf 94' lang='lat' dir='ltr'>qui</span> <span class='ocrx_word' id='word_1_145' title='bbox 205 1938 445 2020; x_wconf 86' lang='lat' dir='ltr'>uniripoterant.</span> 
     </span>
    </p>

    <p class='ocr_par' dir='ltr' id='par_1_5' title="bbox 111 2021 1120 3646">
     <span class='ocr_line' id='line_1_21' title="bbox 194 2021 1118 2088; baseline 0 -1"><span class='ocrx_word' id='word_1_146' title='bbox 194 2022 316 2087; x_wconf 93' lang='lat' dir='ltr'>XVlll.</span> <span class='ocrx_word' id='word_1_147' title='bbox 340 2025 381 2088; x_wconf 84' lang='lat' dir='ltr'>At</span> <span class='ocrx_word' id='word_1_148' title='bbox 397 2023 560 2088; x_wconf 89' lang='lat' dir='ltr'>Civilem&#39;</span> <span class='ocrx_word' id='word_1_149' title='bbox 553 2025 707 2088; x_wconf 76' lang='lat' dir='ltr'>immensis</span> <span class='ocrx_word' id='word_1_150' title='bbox 730 2024 866 2088; x_wconf 88' lang='lat' dir='ltr'>auctibus</span> <span class='ocrx_word' id='word_1_151' title='bbox 881 2023 1022 2088; x_wconf 87' lang='lat' dir='ltr'>universa</span> <span class='ocrx_word' id='word_1_152' title='bbox 1038 2021 1118 2087; x_wconf 88' lang='lat' dir='ltr'>Ger·</span> 
     </span>
     <span class='ocr_line' id='line_1_22' title="bbox 113 2110 1115 2190; baseline 0 -16"><span class='ocrx_word' id='word_1_153' title='bbox 113 2112 214 2174; x_wconf 86' lang='lat' dir='ltr'>mania</span> <span class='ocrx_word' id='word_1_154' title='bbox 240 2110 417 2190; x_wconf 86' lang='lat' dir='ltr'>extollebat,</span> <span class='ocrx_word' id='word_1_155' title='bbox 444 2112 589 2175; x_wconf 87' lang='lat' dir='ltr'>societate</span> <span class='ocrx_word' id='word_1_156' title='bbox 613 2112 802 2176; x_wconf 88' lang='lat' dir='ltr'>nobilissimis</span> <span class='ocrx_word' id='word_1_157' title='bbox 824 2111 961 2174; x_wconf 89' lang='lat' dir='ltr'>obsidum</span> <span class='ocrx_word' id='word_1_158' title='bbox 987 2110 1115 2174; x_wconf 86' lang='lat' dir='ltr'>firmata.</span> 
     </span>
     <span class='ocr_line' id='line_1_23' title="bbox 112 2196 1117 2282; baseline 0 -21"><span class='ocrx_word' id='word_1_159' title='bbox 112 2196 180 2274; x_wconf 91' lang='lat' dir='ltr'>Ille,</span> <span class='ocrx_word' id='word_1_160' title='bbox 198 2210 230 2260; x_wconf 91' lang='lat' dir='ltr'>ut</span> <span class='ocrx_word' id='word_1_161' title='bbox 244 2198 354 2281; x_wconf 90' lang='lat' dir='ltr'>cuique</span> <span class='ocrx_word' id='word_1_162' title='bbox 378 2199 560 2282; x_wconf 85' lang='lat' dir='ltr'>proximum,</span> <span class='ocrx_word' id='word_1_163' title='bbox 577 2199 705 2262; x_wconf 88' lang='lat' dir='ltr'>‘vastari</span> <span class='ocrx_word' id='word_1_164' title='bbox 729 2197 826 2261; x_wconf 90' lang='lat' dir='ltr'>Ubios</span> <span class='ocrx_word' id='word_1_165' title='bbox 842 2197 1068 2282; x_wconf 85' lang='lat' dir='ltr'>Treverosque,</span> <span class='ocrx_word' id='word_1_166' title='bbox 1085 2211 1117 2261; x_wconf 86' lang='lat' dir='ltr'>et</span> 
     </span>
     <span class='ocr_line' id='line_1_24' title="bbox 112 2282 1116 2371; baseline -0.001 -24"><span class='ocrx_word' id='word_1_167' title='bbox 112 2283 203 2347; x_wconf 85' lang='lat' dir='ltr'>aliam</span> <span class='ocrx_word' id='word_1_168' title='bbox 219 2305 342 2347; x_wconf 90' lang='lat' dir='ltr'>manum</span> <span class='ocrx_word' id='word_1_169' title='bbox 357 2282 476 2347; x_wconf 90' lang='lat' dir='ltr'>Mosam</span> <span class='ocrx_word' id='word_1_170' title='bbox 489 2305 608 2350; x_wconf 89' lang='lat' dir='ltr'>amnem</span> <span class='ocrx_word' id='word_1_171' title='bbox 625 2285 759 2362; x_wconf 90' lang='lat' dir='ltr'>transire,</span> <span class='ocrx_word' id='word_1_172' title='bbox 762 2285 893 2371; x_wconf 88' lang='lat' dir='ltr'>’jubet‘</span> <span class='ocrx_word' id='word_1_173' title='bbox 906 2299 940 2348; x_wconf 85' lang='lat' dir='ltr'>ut</span> <span class='ocrx_word' id='word_1_174' title='bbox 954 2283 1116 2368; x_wconf 84' lang='lat' dir='ltr'>Menapios</span> 
     </span>
     <span class='ocr_line' id='line_1_25' title="bbox 113 2369 1117 2476; baseline 0 -42"><span class='ocrx_word' id='word_1_175' title='bbox 113 2385 145 2434; x_wconf 87' lang='lat' dir='ltr'>et</span> <span class='ocrx_word' id='word_1_176' title='bbox 159 2369 296 2433; x_wconf 87' lang='lat' dir='ltr'>Morinos</span> <span class='ocrx_word' id='word_1_177' title='bbox 318 2384 350 2434; x_wconf 85' lang='lat' dir='ltr'>et</span> <span class='ocrx_word' id='word_1_178' title='bbox 372 2386 509 2435; x_wconf 81' lang='lat' dir='ltr'>extrema</span> <span class='ocrx_word' id='word_1_179' title='bbox 536 2371 703 2434; x_wconf 89' lang='lat' dir='ltr'>Galliarum</span> <span class='ocrx_word' id='word_1_180' title='bbox 734 2385 880 2476; x_wconf 89' lang='lat' dir='ltr'>quateret.</span> <span class='ocrx_word' id='word_1_181' title='bbox 926 2371 1013 2434; x_wconf 87' lang='lat' dir='ltr'>Actae</span> <span class='ocrx_word' id='word_1_182' title='bbox 1035 2385 1117 2434; x_wconf 89' lang='lat' dir='ltr'>utro·</span> 
     </span>
     <span class='ocr_line' id='line_1_26' title="bbox 114 2456 1116 2556; baseline 0 -36"><span class='ocrx_word' id='word_1_183' title='bbox 114 2456 216 2556; x_wconf 79' lang='lat' dir='ltr'>bique</span> <span class='ocrx_word' id='word_1_184' title='bbox 235 2456 360 2540; x_wconf 80' lang='lat' dir='ltr'>praedae3</span> <span class='ocrx_word' id='word_1_185' title='bbox 383 2456 548 2520; x_wconf 83' lang='lat' dir='ltr'>infestibs</span> <span class='ocrx_word' id='word_1_186' title='bbox 541 2481 571 2521; x_wconf 91' lang='lat' dir='ltr'>m</span> <span class='ocrx_word' id='word_1_187' title='bbox 598 2457 697 2533; x_wconf 86' lang='lat' dir='ltr'>Ubiis,</span> <span class='ocrx_word' id='word_1_188' title='bbox 722 2457 806 2543; x_wconf 85' lang='lat' dir='ltr'>qudd</span> <span class='ocrx_word' id='word_1_189' title='bbox 827 2478 901 2540; x_wconf 86' lang='lat' dir='ltr'>gens</span> <span class='ocrx_word' id='word_1_190' title='bbox 925 2456 1116 2520; x_wconf 75' lang='lat' dir='ltr'>Germanice</span> 
     </span>
     <span class='ocr_line' id='line_1_27' title="bbox 114 2542 1115 2645; baseline -0.002 -39"><span class='ocrx_word' id='word_1_191' title='bbox 114 2543 244 2626; x_wconf 86' lang='lat' dir='ltr'>originis,</span> <span class='ocrx_word' id='word_1_192' title='bbox 257 2542 373 2628; x_wconf 86' lang='lat' dir='ltr'>ejurata</span> <span class='ocrx_word' id='word_1_193' title='bbox 385 2543 490 2627; x_wconf 89' lang='lat' dir='ltr'>patria,</span> <span class='ocrx_word' id='word_1_194' title='bbox 504 2544 713 2608; x_wconf 90' lang='lat' dir='ltr'>Romanorum</span> <span class='ocrx_word' id='word_1_195' title='bbox 725 2567 852 2645; x_wconf 74' lang='lat' dir='ltr'>nornen,</span> <span class='ocrx_word' id='word_1_196' title='bbox 858 2543 1115 2628; x_wconf 73' lang='lat' dir='ltr'>Agrippinenses,</span> 
     </span>
     <span class='ocr_line' id='line_1_28' title="bbox 115 2629 1115 2736; baseline 0.002 -45"><span class='ocrx_word' id='word_1_197' title='bbox 115 2643 305 2692; x_wconf 84' lang='lat' dir='ltr'>vocarentur.</span> <span class='ocrx_word' id='word_1_198' title='bbox 351 2629 445 2694; x_wconf 82' lang='lat' dir='ltr'>Caesae</span> <span class='ocrx_word' id='word_1_199' title='bbox 467 2633 608 2694; x_wconf 88' lang='lat' dir='ltr'>cohortes</span> <span class='ocrx_word' id='word_1_200' title='bbox 631 2653 746 2736; x_wconf 84' lang='lat' dir='ltr'>eorum,</span> <span class='ocrx_word' id='word_1_201' title='bbox 770 2632 799 2694; x_wconf 93' lang='lat' dir='ltr'>in</span> <span class='ocrx_word' id='word_1_202' title='bbox 826 2632 898 2698; x_wconf 89' lang='lat' dir='ltr'>rico</span> <span class='ocrx_word' id='word_1_203' title='bbox 919 2629 1115 2706; x_wconf 88' lang='lat' dir='ltr'>Marcoduro,</span> 
     </span>
     <span class='ocr_line' id='line_1_29' title="bbox 114 2715 1118 2820; baseline 0 -42"><span class='ocrx_word' id='word_1_204' title='bbox 114 2715 291 2779; x_wconf 81' lang='lat' dir='ltr'>incuriosiirs</span> <span class='ocrx_word' id='word_1_205' title='bbox 307 2731 442 2798; x_wconf 77' lang='lat' dir='ltr'>agenteS,</span> <span class='ocrx_word' id='word_1_206' title='bbox 459 2715 528 2802; x_wconf 89' lang='lat' dir='ltr'>quia</span> <span class='ocrx_word' id='word_1_207' title='bbox 551 2718 700 2802; x_wconf 90' lang='lat' dir='ltr'>procul</span> <span class='ocrx_word' id='word_1_208' title='bbox 679 2739 745 2802; x_wconf 88' lang='lat' dir='ltr'>rrpa</span> <span class='ocrx_word' id='word_1_209' title='bbox 768 2718 902 2780; x_wconf 88' lang='lat' dir='ltr'>aberant.</span> <span class='ocrx_word' id='word_1_210' title='bbox 948 2715 1017 2779; x_wconf 89' lang='lat' dir='ltr'>Neo</span> <span class='ocrx_word' id='word_1_211' title='bbox 1034 2716 1118 2820; x_wconf 88' lang='lat' dir='ltr'>quie·</span> 
     </span>
     <span class='ocr_line' id='line_1_30' title="bbox 114 2799 1116 2906; baseline 0 -42"><span class='ocrx_word' id='word_1_212' title='bbox 114 2802 188 2866; x_wconf 79' lang='lat' dir='ltr'>vbre</span> <span class='ocrx_word' id='word_1_213' title='bbox 203 2801 288 2880; x_wconf 93' lang='lat' dir='ltr'>Ubii,</span> <span class='ocrx_word' id='word_1_214' title='bbox 304 2801 380 2904; x_wconf 44' lang='lat' dir='ltr'>qud·</span> <span class='ocrx_word' id='word_1_215' title='bbox 380 2803 478 2868; x_wconf 76' lang='lat' dir='ltr'>minito</span> <span class='ocrx_word' id='word_1_216' title='bbox 493 2805 605 2906; x_wconf 78' lang='lat' dir='ltr'>praedas</span> <span class='ocrx_word' id='word_1_217' title='bbox 621 2827 639 2868; x_wconf 91' lang='lat' dir='ltr'>e</span> <span class='ocrx_word' id='word_1_218' title='bbox 655 2802 822 2867; x_wconf 88' lang='lat' dir='ltr'>Germania</span> <span class='ocrx_word' id='word_1_219' title='bbox 837 2816 993 2887; x_wconf 88' lang='lat' dir='ltr'>peterent:</span> <span class='ocrx_word' id='word_1_220' title='bbox 1019 2799 1116 2886; x_wconf 85' lang='lat' dir='ltr'>primd</span> 
     </span>
     <span class='ocr_line' id='line_1_31' title="bbox 114 2887 1117 2990; baseline -0.004 -37"><span class='ocrx_word' id='word_1_221' title='bbox 114 2887 254 2990; x_wconf 72' lang='lat' dir='ltr'>impune,</span> <span class='ocrx_word' id='word_1_222' title='bbox 269 2890 380 2952; x_wconf 88' lang='lat' dir='ltr'>dein</span> <span class='ocrx_word' id='word_1_223' title='bbox 353 2893 550 2955; x_wconf 80' lang='lat' dir='ltr'>circumventi</span> <span class='ocrx_word' id='word_1_224' title='bbox 566 2907 654 2965; x_wconf 81' lang='lat' dir='ltr'>sunt3</span> <span class='ocrx_word' id='word_1_225' title='bbox 678 2913 732 2974; x_wconf 90' lang='lat' dir='ltr'>per</span> <span class='ocrx_word' id='word_1_226' title='bbox 746 2911 837 2954; x_wconf 91' lang='lat' dir='ltr'>omne</span> <span class='ocrx_word' id='word_1_227' title='bbox 857 2889 887 2952; x_wconf 91' lang='lat' dir='ltr'>id</span> <span class='ocrx_word' id='word_1_228' title='bbox 915 2889 1028 2952; x_wconf 90' lang='lat' dir='ltr'>bellum</span> <span class='ocrx_word' id='word_1_229' title='bbox 1052 2907 1117 2950; x_wconf 89' lang='lat' dir='ltr'>me-</span> 
     </span>
     <span class='ocr_line' id='line_1_32' title="bbox 115 2974 1118 3062; baseline -0.001 -22"><span class='ocrx_word' id='word_1_230' title='bbox 115 2976 189 3040; x_wconf 92' lang='lat' dir='ltr'>liore</span> <span class='ocrx_word' id='word_1_231' title='bbox 209 2999 256 3040; x_wconf 86' lang='lat' dir='ltr'>usr</span> <span class='ocrx_word' id='word_1_232' title='bbox 247 2977 342 3054; x_wconf 84' lang='lat' dir='ltr'>fide,</span> <span class='ocrx_word' id='word_1_233' title='bbox 366 2997 456 3062; x_wconf 86' lang='lat' dir='ltr'>quam</span> <span class='ocrx_word' id='word_1_234' title='bbox 480 2977 610 3041; x_wconf 82' lang='lat' dir='ltr'>fortuna.</span> <span class='ocrx_word' id='word_1_235' title='bbox 655 2977 798 3040; x_wconf 90' lang='lat' dir='ltr'>Contusis</span> <span class='ocrx_word' id='word_1_236' title='bbox 822 2974 922 3052; x_wconf 89' lang='lat' dir='ltr'>Ubiis,</span> <span class='ocrx_word' id='word_1_237' title='bbox 946 2974 1064 3058; x_wconf 82' lang='lat' dir='ltr'>gravior</span> <span class='ocrx_word' id='word_1_238' title='bbox 1088 2988 1118 3039; x_wconf 90' lang='lat' dir='ltr'>et</span> 
     </span>
     <span class='ocr_line' id='line_1_33' title="bbox 112 3061 1118 3163; baseline -0.004 -37"><span class='ocrx_word' id='word_1_239' title='bbox 112 3083 256 3127; x_wconf 84' lang='lat' dir='ltr'>successu</span> <span class='ocrx_word' id='word_1_240' title='bbox 283 3085 382 3126; x_wconf 87' lang='lat' dir='ltr'>rerum</span> <span class='ocrx_word' id='word_1_241' title='bbox 405 3063 532 3128; x_wconf 80' lang='lat' dir='ltr'>ferocior</span> <span class='ocrx_word' id='word_1_242' title='bbox 547 3061 665 3163; x_wconf 84' lang='lat' dir='ltr'>Civilis,</span> <span class='ocrx_word' id='word_1_243' title='bbox 681 3064 828 3126; x_wconf 92' lang='lat' dir='ltr'>obsidium</span> <span class='ocrx_word' id='word_1_244' title='bbox 854 3063 1006 3144; x_wconf 84' lang='lat' dir='ltr'>legionum</span> <span class='ocrx_word' id='word_1_245' title='bbox 1031 3081 1118 3162; x_wconf 80' lang='lat' dir='ltr'>urge·</span> 
     </span>
     <span class='ocr_line' id='line_1_34' title="bbox 114 3148 1119 3234; baseline 0 -22"><span class='ocrx_word' id='word_1_246' title='bbox 114 3150 185 3212; x_wconf 83' lang='lat' dir='ltr'>bat:</span> <span class='ocrx_word' id='word_1_247' title='bbox 210 3150 329 3214; x_wconf 88' lang='lat' dir='ltr'>intentis</span> <span class='ocrx_word' id='word_1_248' title='bbox 348 3151 502 3227; x_wconf 89' lang='lat' dir='ltr'>custodiis,</span> <span class='ocrx_word' id='word_1_249' title='bbox 525 3172 563 3212; x_wconf 92' lang='lat' dir='ltr'>ne</span> <span class='ocrx_word' id='word_1_250' title='bbox 586 3151 652 3234; x_wconf 87' lang='lat' dir='ltr'>quis</span> <span class='ocrx_word' id='word_1_251' title='bbox 674 3150 811 3213; x_wconf 90' lang='lat' dir='ltr'>occultus</span> <span class='ocrx_word' id='word_1_252' title='bbox 833 3149 954 3212; x_wconf 88' lang='lat' dir='ltr'>nuntius</span> <span class='ocrx_word' id='word_1_253' title='bbox 971 3148 1119 3212; x_wconf 84' lang='lat' dir='ltr'>venientis</span> 
     </span>
     <span class='ocr_line' id='line_1_35' title="bbox 114 3233 1117 3322; baseline -0.003 -22"><span class='ocrx_word' id='word_1_254' title='bbox 114 3237 219 3300; x_wconf 82' lang='lat' dir='ltr'>auxilii</span> <span class='ocrx_word' id='word_1_255' title='bbox 244 3250 427 3320; x_wconf 86' lang='lat' dir='ltr'>penetraret.</span> <span class='ocrx_word' id='word_1_256' title='bbox 472 3236 631 3300; x_wconf 89' lang='lat' dir='ltr'>Machinas</span> <span class='ocrx_word' id='word_1_257' title='bbox 652 3238 825 3322; x_wconf 88' lang='lat' dir='ltr'>molemque</span> <span class='ocrx_word' id='word_1_258' title='bbox 848 3257 974 3320; x_wconf 90' lang='lat' dir='ltr'>operum</span> <span class='ocrx_word' id='word_1_259' title='bbox 990 3233 1117 3298; x_wconf 88' lang='lat' dir='ltr'>Batavis</span> 
     </span>
     <span class='ocr_line' id='line_1_36' title="bbox 114 3321 1119 3408; baseline -0.002 -22"><span class='ocrx_word' id='word_1_260' title='bbox 114 3323 255 3404; x_wconf 84' lang='lat' dir='ltr'>delegat:</span> <span class='ocrx_word' id='word_1_261' title='bbox 277 3321 573 3400; x_wconf 87' lang='lat' dir='ltr'>Transrhenanos,‘</span> <span class='ocrx_word' id='word_1_262' title='bbox 587 3323 731 3408; x_wconf 83' lang='lat' dir='ltr'>praelium&#39;</span> <span class='ocrx_word' id='word_1_263' title='bbox 758 3336 928 3408; x_wconf 86' lang='lat' dir='ltr'>poscentes,</span> <span class='ocrx_word' id='word_1_264' title='bbox 953 3323 1013 3386; x_wconf 87' lang='lat' dir='ltr'>‘ad</span> <span class='ocrx_word' id='word_1_265' title='bbox 1040 3321 1119 3385; x_wconf 90' lang='lat' dir='ltr'>scin·</span> 
     </span>
     <span class='ocr_line' id='line_1_37' title="bbox 115 3407 1118 3496; baseline -0.001 -24"><span class='ocrx_word' id='word_1_266' title='bbox 115 3409 249 3472; x_wconf 84' lang='lat' dir='ltr'>dandum</span> <span class='ocrx_word' id='word_1_267' title='bbox 274 3410 416 3473; x_wconf 82' lang='lat' dir='ltr'>vallum</span> <span class='ocrx_word' id='word_1_268' title='bbox 408 3431 462 3488; x_wconf 88' lang='lat' dir='ltr'>rre,</span> <span class='ocrx_word' id='word_1_269' title='bbox 490 3410 686 3496; x_wconf 90' lang='lat' dir='ltr'>detrusosque</span> <span class='ocrx_word' id='word_1_270' title='bbox 708 3411 912 3490; x_wconf 83' lang='lat' dir='ltr'>redintegrare</span> <span class='ocrx_word' id='word_1_271' title='bbox 941 3407 1118 3484; x_wconf 85' lang='lat' dir='ltr'>certamen,&#39;</span> 
     </span>
     <span class='ocr_line' id='line_1_38' title="bbox 111 3495 1120 3582; baseline -0.001 -24"><span class='ocrx_word' id='word_1_272' title='bbox 111 3495 223 3582; x_wconf 85' lang='lat' dir='ltr'>jubet3</span> <span class='ocrx_word' id='word_1_273' title='bbox 245 3511 407 3580; x_wconf 89' lang='lat' dir='ltr'>superante</span> <span class='ocrx_word' id='word_1_274' title='bbox 430 3497 621 3560; x_wconf 84' lang='lat' dir='ltr'>multitudine</span> <span class='ocrx_word' id='word_1_275' title='bbox 644 3511 676 3560; x_wconf 90' lang='lat' dir='ltr'>et</span> <span class='ocrx_word' id='word_1_276' title='bbox 698 3497 776 3560; x_wconf 87' lang='lat' dir='ltr'>sacili</span> <span class='ocrx_word' id='word_1_277' title='bbox 793 3497 924 3560; x_wconf 88' lang='lat' dir='ltr'>damno:</span> <span class='ocrx_word' id='word_1_278' title='bbox 949 3517 1006 3560; x_wconf 87' lang='lat' dir='ltr'>neo</span> <span class='ocrx_word' id='word_1_279' title='bbox 1028 3495 1120 3558; x_wconf 90' lang='lat' dir='ltr'>finem</span> 
     </span>
     <span class='ocr_line' id='line_1_39' title="bbox 114 3582 409 3646; baseline 0.004 -1"><span class='ocrx_word' id='word_1_280' title='bbox 114 3582 210 3646; x_wconf 89' lang='lat' dir='ltr'>labori</span> <span class='ocrx_word' id='word_1_281' title='bbox 226 3603 288 3646; x_wconf 86' lang='lat' dir='ltr'>nox</span> <span class='ocrx_word' id='word_1_282' title='bbox 302 3583 409 3646; x_wconf 87' lang='lat' dir='ltr'>attulit.</span> 
     </span>
    </p>

    <p class='ocr_par' dir='ltr' id='par_1_6' title="bbox 114 3665 1121 3844">
     <span class='ocr_line' id='line_1_40' title="bbox 158 3665 1119 3751; baseline -0.004 -20"><span class='ocrx_word' id='word_1_283' title='bbox 158 3665 291 3732; x_wconf 88' lang='grc' dir='ltr'><strong>ΧΧΙΧ.</strong></span> <span class='ocrx_word' id='word_1_284' title='bbox 314 3668 514 3751; x_wconf 84' lang='lat' dir='ltr'>Congestis&#39;</span> <span class='ocrx_word' id='word_1_285' title='bbox 488 3668 601 3732; x_wconf 80' lang='lat' dir='ltr'>crrcbm</span> <span class='ocrx_word' id='word_1_286' title='bbox 617 3669 704 3750; x_wconf 85' lang='lat' dir='ltr'>lignis</span> <span class='ocrx_word' id='word_1_287' title='bbox 720 3667 927 3751; x_wconf 90' lang='lat' dir='ltr'>accensisque,</span> <span class='ocrx_word' id='word_1_288' title='bbox 939 3665 1027 3730; x_wconf 89' lang='lat' dir='ltr'>simul</span> <span class='ocrx_word' id='word_1_289' title='bbox 1043 3685 1119 3748; x_wconf 90' lang='lat' dir='ltr'>epu-</span> 
     </span>
     <span class='ocr_line' id='line_1_41' title="bbox 114 3752 1121 3844; baseline -0.006 -24"><span class='ocrx_word' id='word_1_290' title='bbox 114 3753 222 3835; x_wconf 84' lang='lat' dir='ltr'>lantes,</span> <span class='ocrx_word' id='word_1_291' title='bbox 246 3770 279 3820; x_wconf 90' lang='lat' dir='ltr'>ut</span> <span class='ocrx_word' id='word_1_292' title='bbox 303 3757 430 3844; x_wconf 88' lang='lat' dir='ltr'>quisque</span> <span class='ocrx_word' id='word_1_293' title='bbox 446 3755 517 3820; x_wconf 89' lang='lat' dir='ltr'>vino</span> <span class='ocrx_word' id='word_1_294' title='bbox 538 3755 714 3834; x_wconf 87' lang='lat' dir='ltr'>incaluerat,</span> <span class='ocrx_word' id='word_1_295' title='bbox 731 3754 770 3818; x_wconf 88' lang='lat' dir='ltr'>ad</span> <span class='ocrx_word' id='word_1_296' title='bbox 797 3775 930 3838; x_wconf 84' lang='lat' dir='ltr'>pugnam</span> <span class='ocrx_word' id='word_1_297' title='bbox 952 3752 1121 3816; x_wconf 85' lang='lat' dir='ltr'>temeritate</span> 
     </span>
    </p>
   </div>
   <div class='ocr_carea' id='block_1_5' title="bbox 0 0 1247 4316">
    <p class='ocr_par' dir='ltr' id='par_1_7' title="bbox 0 0 1247 4316">
     <span class='ocr_line' id='line_1_42' title="bbox 0 0 1247 4316; baseline 0 0"><span class='ocrx_word' id='word_1_298' title='bbox 0 0 1247 4316; x_wconf 95' lang='lat' dir='ltr'> </span> 
     </span>
    </p>
   </div>
  </div>
 </body>
</html>
