2516 4250
113 181 158 248 68
454 181 495 248 C.
518 181 627 248 Conn.
651 183 775 248 Tncrrt
909 184 963 267 [A.
980 183 1023 248 U.
1041 185 1120 250 822.

160 347 216 413 Ll.
240 347 274 412 ln
292 345 396 410 funere
412 346 489 433 ejus,
506 363 614 412 novata
629 349 710 412 luctu
727 370 763 412 ac
779 348 882 412 dolore
899 349 1025 412 militum
1041 352 1121 414 sedi·

116 435 178 500 tio:
202 457 259 497 nec
286 450 361 510 erat,
378 435 427 518 qui
442 450 608 498 coerceret.
645 435 695 497 Ad
712 434 887 518 Verginium
911 438 999 512 versi,
1018 436 1121 516 modo,

117 529 170 585 ‘ut
186 523 333 604 reciperet
350 520 537 603 lmperium,'
562 542 653 597 nnnc,
677 529 729 598 ‘qt
745 522 894 602 legatione
918 523 998 605 apud
1022 521 1121 586 Ceci-

116 630 185 672 nam
210 631 246 670 ac
264 606 427 669 Valentem
446 606 640 689 iungeretur,’
664 607 834 670 minitantes
859 609 995 671 orabant.
1043 607 1121 672 Ver·

117 696 224 778 ginius,
242 715 295 776 per
310 715 445 756 aversam
458 692 564 756 domins
583 709 697 776 partem
715 693 814 756 lurtim
830 694 998 774 degressus,
1016 695 1120 760 irrum-

116 798 223 866 pentes
241 781 394 842 frustratus
410 794 467 842 est.
503 778 628 855 Earum,
645 801 710 864 que
722 779 849 842 Brixelli
866 797 1000 862 egerant,
1012 782 1121 845 cohor·

116 869 190 932 tium
208 887 312 951 preces
329 865 462 930 Rubrius
478 865 585 928 Gallus
609 867 687 928 tulit.
733 865 776 928 Et
794 867 880 928 venia
902 869 1001 928 statim
1023 869 1121 951 impe-

117 968 203 1028 trata,
214 953 451 1017 concedentibus
464 952 501 1016 ed
520 953 675 1029 victorem,
693 973 746 1037 per
761 951 901 1016 Flavium
918 953 1075 1036 Sabinum,
1086 955 1123 1018 iis

116 1042 222 1124 copiis,
239 1041 346 1124 quibus
363 1039 532 1122 prefuerat.

160 1126 233 1189 Lll.
258 1127 362 1190 Posito
373 1127 482 1210 ubique
495 1126 585 1202 bello,
597 1147 704 1208 magna
720 1147 788 1210 pars
800 1126 930 1190 Senatds
945 1142 1118 1192 extremum

116 1213 274 1278 discrimen
287 1212 369 1288 adiit,
387 1211 521 1295 prolecta
535 1235 604 1276 cum
617 1212 742 1276 Othone
758 1214 795 1276 ab
812 1215 895 1290 urbe,
906 1215 974 1276 dein
993 1213 1120 1279 Mutine

116 1300 231 1364 relicta.
277 1298 353 1362 llluc
369 1299 496 1362 adverso
517 1298 556 1361 de
582 1300 682 1382 praelio
704 1299 850 1362 allatum:
872 1301 925 1362 sed
943 1301 1063 1378 milites,
1088 1317 1121 1366 ut

117 1384 223 1452 salsum
240 1405 390 1448 rumorem
406 1401 609 1470 aspernantes,
629 1386 710 1471 qubd
727 1385 875 1449 insensum
891 1386 1008 1449 Othoni
1025 1386 1122 1451 Sena·

117 1486 180 1537 tum
205 1473 431 1549 arbitrabantur,
446 1473 597 1535 custodire
612 1493 777 1549 sermones,
796 1473 908 1536 vultum
927 1473 1121 1558 habitumque

116 1561 236 1624 trabere
252 1561 281 1622 iu
302 1559 450 1622 deterius:
474 1559 616 1622 conviciis
642 1557 795 1642 postremb
817 1581 853 1622 ac
870 1560 983 1642 probris
998 1581 1122 1624 causam

117 1660 149 1711 et
161 1647 276 1710 initium
292 1646 381 1709 cedis
393 1647 584 1731 querebant:
606 1644 675 1708 crim
692 1645 767 1707 alius
783 1647 904 1730 insuper
915 1661 1013 1709 metus
1026 1646 1122 1710 Senn-

116 1734 228 1798 toribus
244 1735 377 1810 instaret,
400 1755 450 1810 oe,
466 1732 632 1816 prevalidis
643 1730 706 1818 jam
722 1729 837 1795 Vitellii
861 1734 1003 1816 partibus,
1026 1755 1120 1797 cunc·

116 1833 216 1884 tenter
244 1821 404 1902 excepisse
436 1819 589 1883 victoriam
619 1818 833 1882 crederentur:
873 1820 912 1882 ita
945 1819 1052 1902 trepidi
1088 1834 1121 1884 et

115 1907 265 1990 utrimque
280 1905 361 1968 anxii
376 1920 508 1968 coeunt:
537 1926 628 1968 nerno
656 1905 792 1988 privatim
815 1906 962 1989 expedito
983 1906 1120 1984 consilio,

117 1993 194 2056 inter
216 1992 326 2054 multos
348 1992 492 2054 societate
507 1992 604 2074 culpe
621 1993 720 2054 tutior.
766 1991 922 2055 Onerabat
946 1993 1120 2074 paventium

28 2120 35 2133 ι
116 2099 203 2143 curas
218 2078 292 2142 ordo
307 2075 498 2153 Mutinensis,
522 2085 624 2141 ‘arma
639 2093 670 2140 et
687 2078 858 2161 pecuniam’
882 2079 1051 2155 offerendo,
1066 2100 1121 2163 ap·

117 2166 310 2249 pellebatque
326 2163 454 2226 ‘Patres
469 2163 689 2247 Conscriptos,’
707 2165 920 2250 intempestivo
937 2165 1061 2228 honore.

159 2250 249 2314 Llll.
274 2249 416 2314 Notabile
426 2249 558 2336 jurgium
586 2251 656 2314 indo
683 2250 747 2330 luit,
772 2274 831 2337 qun
848 2250 981 2314 Licinius
997 2250 1121 2316 Caecina

117 2337 297 2402 Marcellum
327 2336 468 2420 Eprium,
498 2343 550 2400 ‘ut
581 2338 720 2418 ambigna
750 2338 968 2414 disserentem,’
1000 2338 1119 2402 invasit.

117 2423 186 2490 Nec
197 2425 291 2488 ceteri
305 2424 467 2486 sententias
478 2423 672 2507 aperiebant:
695 2424 749 2486 sed
765 2425 893 2487 invisum
911 2423 1056 2487 memorii
1067 2424 1121 2486 de·

116 2511 273 2587 lationum,
296 2510 529 2595 expositumque
545 2511 581 2573 ad
599 2511 754 2587 invidiam,
777 2509 914 2574 Marcelli
931 2533 1041 2574 nomen
1057 2511 1121 2574 irri-

116 2613 232 2662 taverat
248 2598 414 2674 Caecinam,
430 2611 462 2660 nt
478 2619 573 2662 novus
586 2598 695 2674 adbuc,
711 2612 742 2662 et
754 2598 783 2661 in
797 2597 944 2660 Senatum
961 2619 1058 2681 nuper
1072 2619 1120 2660 as·

116 2687 205 2762 citus,
231 2685 346 2766 maguis
369 2684 527 2748 inimicitiis
547 2685 734 2748 claresceret
783 2683 994 2747 Moderatione
1017 2683 1122 2746 melio-

115 2794 180 2838 rum
197 2772 327 2836 diremti.
373 2769 416 2834 Et
430 2771 546 2834 redibre
562 2793 668 2834 omnes
684 2769 866 2846 Bononiam,
882 2793 981 2832 rursus
996 2771 1119 2833 consili·

117 2861 207 2923 aturi:
239 2857 338 2934 simul,
366 2857 466 2920 medio
489 2859 642 2941 temporis,
661 2858 761 2941 plures
787 2857 881 2920 nuntii
908 2857 1118 2940 sperabantur.

116 2946 272 3022 Bononiae,
299 2944 400 3008 divisis
426 2966 479 3027 per
494 2945 608 3020 itinera,
632 2946 682 3029 qui
709 2944 947 3007 recentissimum
965 2955 1119 3028 quemque

117 3047 394 3120 percunctarentur,
410 3031 607 3113 interrogatus
623 3029 755 3094 Othonis
771 3031 893 3094 libertus
917 3037 1057 3092 ‘cansam
1074 3029 1119 3092 di·

115 3118 256 3206 gresstis,'
273 3119 402 3181 ‘babere
418 3139 451 3180 se
463 3139 603 3202 suprema
615 3116 680 3202 ejus
694 3117 843 3180 nrandata'
856 3117 1029 3199 respondit:
1053 3117 1119 3199 ‘ip-

115 3229 181 3273 sum
199 3207 351 3268 viventem
368 3202 489 3288 quidem
506 3204 654 3278 relictum,
681 3204 735 3266 sed
759 3202 823 3265 solit
840 3203 1019 3286 posteritatis
1035 3201 1118 3278 curia,

116 3309 147 3359 et
162 3291 296 3374 abruptis
323 3291 390 3352 vitae
417 3289 650 3352 blandimentis.'
698 3289 779 3353 Hinc
795 3290 951 3352 admiratio
974 3304 1004 3351 et
1034 3289 1118 3372 plura
1212 3299 1215 3302 '

115 3377 315 3461 interrogandi
340 3377 454 3460 pudor:
479 3390 569 3460 atque
585 3376 719 3440 omnium
735 3376 826 3440 animi
851 3376 880 3438 in
899 3373 1057 3438 Vitellium
1073 3375 1118 3438 in-

115 3466 278 3534 clinavbre.

158 3551 249 3620 LlV.
275 3549 419 3614 lutererat
444 3551 574 3614 consiliis
597 3549 687 3614 frater
709 3549 773 3635 ejus
789 3549 828 3612 L.
847 3547 999 3625 Vitellius,
1022 3569 1117 3632 seque

110 3647 173 3734 jam
201 3637 389 3703 adulantibus
415 3636 571 3715 offerebat,
597 3637 667 3701 oum
691 3636 817 3720 repente
838 3635 968 3712 Coenns,
995 3635 1118 3698 libertus

115 3727 256 3805 Neronis,
273 3724 365 3788 atroci
381 3724 538 3789 mendacio
554 3725 708 3788 universos
723 3722 861 3808 perculit,
871 3723 1032 3800 affirmans,
1049 3727 1119 3784 ‘sn-
