<?xml version="1.0" encoding="UTF-8"?>
<!DOCTYPE html PUBLIC "-//W3C//DTD XHTML 1.0 Transitional//EN"
    "http://www.w3.org/TR/xhtml1/DTD/xhtml1-transitional.dtd">
<html xmlns="http://www.w3.org/1999/xhtml" xml:lang="en" lang="en">
 <head>
  <title>
</title>
<meta http-equiv="Content-Type" content="text/html;charset=utf-8" />
  <meta name='ocr-system' content='tesseract 3.04.00' />
  <meta name='ocr-capabilities' content='ocr_page ocr_carea ocr_par ocr_line ocrx_word'/>
</head>
<body>
  <div class='ocr_page' id='page_1' title='image "./ccorneliitaciti24tacigoog_0357.png"; bbox 0 0 2484 4316; ppageno 0'>
   <div class='ocr_carea' id='block_1_1' title="bbox 135 177 1135 291">
    <p class='ocr_par' dir='ltr' id='par_1_1' title="bbox 135 177 1135 291">
     <span class='ocr_line' id='line_1_1' title="bbox 135 177 1135 291; baseline -0.002 -19"><span class='ocrx_word' id='word_1_1' title='bbox 135 207 177 272; x_wconf 81' lang='lat' dir='ltr'><strong>A.</strong></span> <span class='ocrx_word' id='word_1_2' title='bbox 194 205 235 273; x_wconf 90' lang='lat' dir='ltr'><strong>C.</strong></span> <span class='ocrx_word' id='word_1_3' title='bbox 247 207 316 291; x_wconf 77' lang='lat'><strong>70.]</strong></span> <span class='ocrx_word' id='word_1_4' title='bbox 402 177 546 270; x_wconf 77' lang='lat' dir='ltr'><strong>Hieron.</strong></span> <span class='ocrx_word' id='word_1_5' title='bbox 569 205 646 270; x_wconf 79' lang='lat' dir='ltr'><strong>Lrs.</strong></span> <span class='ocrx_word' id='word_1_6' title='bbox 670 205 844 282; x_wconf 74' lang='lat' dir='ltr'><strong>Qutnros.</strong></span> <span class='ocrx_word' id='word_1_7' title='bbox 1075 208 1135 270; x_wconf 85' lang='lat' dir='ltr'><strong>lrt</strong></span> 
     </span>
    </p>
   </div>
   <div class='ocr_carea' id='block_1_2' title="bbox 178 355 1138 454">
    <p class='ocr_par' dir='ltr' id='par_1_2' title="bbox 178 355 1138 454">
     <span class='ocr_line' id='line_1_2' title="bbox 178 355 1138 454; baseline 0 -20"><span class='ocrx_word' id='word_1_8' title='bbox 178 369 321 434; x_wconf 91' lang='lat' dir='ltr'><strong>LXXII.</strong></span> <span class='ocrx_word' id='word_1_9' title='bbox 346 355 474 432; x_wconf 84' lang='lat' dir='ltr'><strong>Cerialis</strong></span> <span class='ocrx_word' id='word_1_10' title='bbox 490 376 610 454; x_wconf 85' lang='lat' dir='ltr'><strong>postero</strong></span> <span class='ocrx_word' id='word_1_11' title='bbox 632 369 681 434; x_wconf 91' lang='lat' dir='ltr'><strong>die</strong></span> <span class='ocrx_word' id='word_1_12' title='bbox 702 371 852 434; x_wconf 88' lang='lat' dir='ltr'><strong>coloniam</strong></span> <span class='ocrx_word' id='word_1_13' title='bbox 872 369 1077 434; x_wconf 81' lang='lat' dir='ltr'><strong>Treverorum</strong></span> <span class='ocrx_word' id='word_1_14' title='bbox 1093 371 1138 434; x_wconf 92' lang='lat' dir='ltr'><strong>iu·</strong></span> 
     </span>
    </p>
   </div>
   <div class='ocr_carea' id='block_1_3' title="bbox 134 453 1232 539">
    <p class='ocr_par' dir='ltr' id='par_1_3' title="bbox 134 453 1232 539">
     <span class='ocr_line' id='line_1_3' title="bbox 134 453 1232 539; baseline 0 -19"><span class='ocrx_word' id='word_1_15' title='bbox 134 478 255 539; x_wconf 82' lang='lat' dir='ltr'><strong>gressus</strong></span> <span class='ocrx_word' id='word_1_16' title='bbox 284 469 341 531; x_wconf 88' lang='lat' dir='ltr'><strong>est,</strong></span> <span class='ocrx_word' id='word_1_17' title='bbox 367 455 455 517; x_wconf 86' lang='lat' dir='ltr'><strong>avido</strong></span> <span class='ocrx_word' id='word_1_18' title='bbox 480 455 575 518; x_wconf 91' lang='lat' dir='ltr'><strong>milite</strong></span> <span class='ocrx_word' id='word_1_19' title='bbox 598 457 736 520; x_wconf 87' lang='lat' dir='ltr'><strong>eruendae</strong></span> <span class='ocrx_word' id='word_1_20' title='bbox 766 458 915 520; x_wconf 86' lang='lat' dir='ltr'><strong>civitatis:</strong></span> <span class='ocrx_word' id='word_1_21' title='bbox 940 457 1038 520; x_wconf 90' lang='lat' dir='ltr'><strong>‘hauc</strong></span> <span class='ocrx_word' id='word_1_22' title='bbox 1069 477 1136 520; x_wconf 90' lang='lat' dir='ltr'><strong>esse</strong></span> <span class='ocrx_word' id='word_1_23' title='bbox 1231 453 1232 456; x_wconf 47' lang='lat'>&#39;</span> 
     </span>
    </p>
   </div>
   <div class='ocr_carea' id='block_1_4' title="bbox 134 539 1140 1490">
    <p class='ocr_par' dir='ltr' id='par_1_4' title="bbox 134 539 1140 1490">
     <span class='ocr_line' id='line_1_4' title="bbox 135 539 1138 626; baseline 0 -18"><span class='ocrx_word' id='word_1_24' title='bbox 135 539 276 618; x_wconf 86' lang='lat' dir='ltr'><strong>Classici,</strong></span> <span class='ocrx_word' id='word_1_25' title='bbox 300 542 379 604; x_wconf 88' lang='lat' dir='ltr'><strong>hanc</strong></span> <span class='ocrx_word' id='word_1_26' title='bbox 405 539 539 618; x_wconf 87' lang='lat' dir='ltr'><strong>Tutoris,</strong></span> <span class='ocrx_word' id='word_1_27' title='bbox 569 542 713 626; x_wconf 88' lang='lat' dir='ltr'><strong>patriam:</strong></span> <span class='ocrx_word' id='word_1_28' title='bbox 739 543 844 606; x_wconf 86' lang='lat' dir='ltr'><strong>ltorum</strong></span> <span class='ocrx_word' id='word_1_29' title='bbox 875 543 990 607; x_wconf 89' lang='lat' dir='ltr'><strong>scelere</strong></span> <span class='ocrx_word' id='word_1_30' title='bbox 1020 543 1138 608; x_wconf 86' lang='lat' dir='ltr'><strong>clausas</strong></span> 
     </span>
     <span class='ocr_line' id='line_1_5' title="bbox 134 625 1138 713; baseline -0.003 -19"><span class='ocrx_word' id='word_1_31' title='bbox 134 649 288 713; x_wconf 83' lang='lat' dir='ltr'><strong>caesasque</strong></span> <span class='ocrx_word' id='word_1_32' title='bbox 314 627 459 710; x_wconf 80' lang='lat' dir='ltr'><strong>legiones.</strong></span> <span class='ocrx_word' id='word_1_33' title='bbox 506 625 591 701; x_wconf 84' lang='lat' dir='ltr'>Quid</span> <span class='ocrx_word' id='word_1_34' title='bbox 614 643 729 691; x_wconf 91' lang='lat' dir='ltr'><strong>tantum</strong></span> <span class='ocrx_word' id='word_1_35' title='bbox 759 629 942 693; x_wconf 87' lang='lat' dir='ltr'><strong>Cremonam</strong></span> <span class='ocrx_word' id='word_1_36' title='bbox 972 631 1138 710; x_wconf 90' lang='lat' dir='ltr'><strong>meruisse;</strong></span> 
     </span>
     <span class='ocr_line' id='line_1_6' title="bbox 136 711 1139 802; baseline 0.001 -23"><span class='ocrx_word' id='word_1_37' title='bbox 136 737 228 802; x_wconf 87' lang='lat' dir='ltr'><strong>quam</strong></span> <span class='ocrx_word' id='word_1_38' title='bbox 250 713 399 796; x_wconf 90' lang='lat' dir='ltr'><strong>egremio</strong></span> <span class='ocrx_word' id='word_1_39' title='bbox 423 711 514 776; x_wconf 87' lang='lat' dir='ltr'><strong>ltaliae</strong></span> <span class='ocrx_word' id='word_1_40' title='bbox 538 727 667 797; x_wconf 88' lang='lat' dir='ltr'><strong>raptam,</strong></span> <span class='ocrx_word' id='word_1_41' title='bbox 693 714 762 799; x_wconf 89' lang='lat' dir='ltr'><strong>quia</strong></span> <span class='ocrx_word' id='word_1_42' title='bbox 786 715 872 778; x_wconf 87' lang='lat' dir='ltr'><strong>unius</strong></span> <span class='ocrx_word' id='word_1_43' title='bbox 897 717 993 780; x_wconf 88' lang='lat' dir='ltr'><strong>noetis</strong></span> <span class='ocrx_word' id='word_1_44' title='bbox 1023 737 1139 780; x_wconf 88' lang='lat' dir='ltr'><strong>moram</strong></span> 
     </span>
     <span class='ocr_line' id='line_1_7' title="bbox 136 800 1138 885; baseline 0 -19"><span class='ocrx_word' id='word_1_45' title='bbox 136 801 300 866; x_wconf 89' lang='lat' dir='ltr'><strong>victoribus</strong></span> <span class='ocrx_word' id='word_1_46' title='bbox 315 800 468 864; x_wconf 81' lang='lat' dir='ltr'><strong>attulerit?</strong></span> <span class='ocrx_word' id='word_1_47' title='bbox 515 800 603 863; x_wconf 88' lang='lat' dir='ltr'><strong>Stare</strong></span> <span class='ocrx_word' id='word_1_48' title='bbox 619 801 649 863; x_wconf 89' lang='lat' dir='ltr'><strong>iu</strong></span> <span class='ocrx_word' id='word_1_49' title='bbox 663 801 795 864; x_wconf 86' lang='lat' dir='ltr'><strong>confinio</strong></span> <span class='ocrx_word' id='word_1_50' title='bbox 807 800 976 866; x_wconf 78' lang='lat' dir='ltr'><strong>Germania</strong></span> <span class='ocrx_word' id='word_1_51' title='bbox 992 803 1138 885; x_wconf 89' lang='lat' dir='ltr'><strong>integram</strong></span> 
     </span>
     <span class='ocr_line' id='line_1_8' title="bbox 135 885 1138 972; baseline 0 -20"><span class='ocrx_word' id='word_1_52' title='bbox 135 888 253 965; x_wconf 87' lang='lat' dir='ltr'><strong>sedem,</strong></span> <span class='ocrx_word' id='word_1_53' title='bbox 284 887 387 972; x_wconf 90' lang='lat' dir='ltr'><strong>spoliis</strong></span> <span class='ocrx_word' id='word_1_54' title='bbox 406 887 597 950; x_wconf 59' lang='lat' dir='ltr'><strong>‘exercituum</strong></span> <span class='ocrx_word' id='word_1_55' title='bbox 619 901 650 950; x_wconf 88' lang='lat' dir='ltr'><strong>et</strong></span> <span class='ocrx_word' id='word_1_56' title='bbox 673 885 798 950; x_wconf 89' lang='lat' dir='ltr'><strong>Ducum</strong></span> <span class='ocrx_word' id='word_1_57' title='bbox 822 888 954 950; x_wconf 76' lang='lat' dir='ltr'><strong>caedibus</strong></span> <span class='ocrx_word' id='word_1_58' title='bbox 984 903 1138 952; x_wconf 90' lang='lat' dir='ltr'><strong>ovantem.</strong></span> 
     </span>
     <span class='ocr_line' id='line_1_9' title="bbox 136 972 1140 1059; baseline 0 -21"><span class='ocrx_word' id='word_1_59' title='bbox 136 973 342 1058; x_wconf 88' lang='lat' dir='ltr'><strong>Redigeretur</strong></span> <span class='ocrx_word' id='word_1_60' title='bbox 365 972 465 1057; x_wconf 78' lang='lat' dir='ltr'><strong>preda</strong></span> <span class='ocrx_word' id='word_1_61' title='bbox 488 974 517 1036; x_wconf 90' lang='lat' dir='ltr'><strong>iu</strong></span> <span class='ocrx_word' id='word_1_62' title='bbox 540 973 665 1036; x_wconf 86' lang='lat' dir='ltr'><strong>fiscum:</strong></span> <span class='ocrx_word' id='word_1_63' title='bbox 690 974 759 1059; x_wconf 88' lang='lat' dir='ltr'><strong>ipsis</strong></span> <span class='ocrx_word' id='word_1_64' title='bbox 779 974 918 1036; x_wconf 89' lang='lat' dir='ltr'><strong>sufficere</strong></span> <span class='ocrx_word' id='word_1_65' title='bbox 941 974 1025 1056; x_wconf 90' lang='lat' dir='ltr'><strong>ignes</strong></span> <span class='ocrx_word' id='word_1_66' title='bbox 1048 991 1078 1038; x_wconf 89' lang='lat' dir='ltr'><strong>et</strong></span> <span class='ocrx_word' id='word_1_67' title='bbox 1093 996 1140 1039; x_wconf 89' lang='lat' dir='ltr'><strong>re·</strong></span> 
     </span>
     <span class='ocr_line' id='line_1_10' title="bbox 135 1060 1140 1145; baseline 0 -19"><span class='ocrx_word' id='word_1_68' title='bbox 135 1061 224 1126; x_wconf 90' lang='lat' dir='ltr'><strong>bellis</strong></span> <span class='ocrx_word' id='word_1_69' title='bbox 238 1060 362 1124; x_wconf 83' lang='lat' dir='ltr'><strong>coloniae</strong></span> <span class='ocrx_word' id='word_1_70' title='bbox 385 1060 496 1136; x_wconf 89' lang='lat' dir='ltr'><strong>ruinas,</strong></span> <span class='ocrx_word' id='word_1_71' title='bbox 512 1060 620 1144; x_wconf 91' lang='lat' dir='ltr'><strong>quibus</strong></span> <span class='ocrx_word' id='word_1_72' title='bbox 642 1073 686 1124; x_wconf 91' lang='lat' dir='ltr'><strong>tot</strong></span> <span class='ocrx_word' id='word_1_73' title='bbox 701 1075 866 1124; x_wconf 89' lang='lat' dir='ltr'><strong>castrorum</strong></span> <span class='ocrx_word' id='word_1_74' title='bbox 890 1060 1009 1124; x_wconf 83' lang='lat' dir='ltr'><strong>excidia</strong></span> <span class='ocrx_word' id='word_1_75' title='bbox 1031 1073 1140 1145; x_wconf 81' lang='lat' dir='ltr'><strong>pensa·</strong></span> 
     </span>
     <span class='ocr_line' id='line_1_11' title="bbox 136 1144 1139 1232; baseline -0.001 -20"><span class='ocrx_word' id='word_1_76' title='bbox 136 1147 261 1212; x_wconf 87' lang='lat' dir='ltr'><strong>rentur.’</strong></span> <span class='ocrx_word' id='word_1_77' title='bbox 307 1146 448 1224; x_wconf 88' lang='lat' dir='ltr'><strong>Cerialis,</strong></span> <span class='ocrx_word' id='word_1_78' title='bbox 471 1167 489 1209; x_wconf 87' lang='lat' dir='ltr'><strong>a</strong></span> <span class='ocrx_word' id='word_1_79' title='bbox 511 1161 594 1210; x_wconf 89' lang='lat' dir='ltr'><strong>metu</strong></span> <span class='ocrx_word' id='word_1_80' title='bbox 617 1145 756 1224; x_wconf 76' lang='lat' dir='ltr'><strong>iufamia,</strong></span> <span class='ocrx_word' id='word_1_81' title='bbox 779 1147 803 1210; x_wconf 92' lang='lat' dir='ltr'><strong>si</strong></span> <span class='ocrx_word' id='word_1_82' title='bbox 826 1144 949 1210; x_wconf 66' lang='lat' dir='ltr'><strong>licentii</strong></span> <span class='ocrx_word' id='word_1_83' title='bbox 966 1146 1139 1232; x_wconf 78' lang='lat' dir='ltr'><strong>savitifaque</strong></span> 
     </span>
     <span class='ocr_line' id='line_1_12' title="bbox 137 1233 1139 1318; baseline -0.001 -19"><span class='ocrx_word' id='word_1_84' title='bbox 137 1235 272 1298; x_wconf 85' lang='lat' dir='ltr'><strong>imbuere</strong></span> <span class='ocrx_word' id='word_1_85' title='bbox 288 1233 413 1297; x_wconf 89' lang='lat' dir='ltr'><strong>militem</strong></span> <span class='ocrx_word' id='word_1_86' title='bbox 425 1233 610 1310; x_wconf 81' lang='lat' dir='ltr'><strong>crederetur,</strong></span> <span class='ocrx_word' id='word_1_87' title='bbox 623 1235 728 1316; x_wconf 83' lang='lat' dir='ltr'><strong>pressit</strong></span> <span class='ocrx_word' id='word_1_88' title='bbox 744 1234 821 1297; x_wconf 87' lang='lat' dir='ltr'><strong>iras:</strong></span> <span class='ocrx_word' id='word_1_89' title='bbox 843 1247 874 1296; x_wconf 92' lang='lat' dir='ltr'><strong>et</strong></span> <span class='ocrx_word' id='word_1_90' title='bbox 891 1233 1028 1318; x_wconf 69' lang='lat' dir='ltr'><strong>paruere,</strong></span> <span class='ocrx_word' id='word_1_91' title='bbox 1041 1235 1139 1317; x_wconf 89' lang='lat' dir='ltr'><strong>posito</strong></span> 
     </span>
     <span class='ocr_line' id='line_1_13' title="bbox 135 1317 1139 1397; baseline -0.001 -12"><span class='ocrx_word' id='word_1_92' title='bbox 135 1321 248 1386; x_wconf 87' lang='lat' dir='ltr'><strong>civium</strong></span> <span class='ocrx_word' id='word_1_93' title='bbox 263 1320 355 1397; x_wconf 91' lang='lat' dir='ltr'><strong>bello,</strong></span> <span class='ocrx_word' id='word_1_94' title='bbox 365 1320 403 1382; x_wconf 91' lang='lat' dir='ltr'><strong>ad</strong></span> <span class='ocrx_word' id='word_1_95' title='bbox 419 1335 546 1383; x_wconf 82' lang='lat' dir='ltr'><strong>externa</strong></span> <span class='ocrx_word' id='word_1_96' title='bbox 560 1321 770 1384; x_wconf 82' lang='lat' dir='ltr'><strong>modestiores.</strong></span> <span class='ocrx_word' id='word_1_97' title='bbox 816 1317 977 1384; x_wconf 89' lang='lat' dir='ltr'><strong>Convertit</strong></span> <span class='ocrx_word' id='word_1_98' title='bbox 988 1320 1058 1384; x_wconf 90' lang='lat' dir='ltr'><strong>inde</strong></span> <span class='ocrx_word' id='word_1_99' title='bbox 1075 1320 1139 1384; x_wconf 89' lang='lat' dir='ltr'><strong>ani·</strong></span> 
     </span>
     <span class='ocr_line' id='line_1_14' title="bbox 136 1405 1138 1490; baseline -0.002 -18"><span class='ocrx_word' id='word_1_100' title='bbox 136 1429 202 1472; x_wconf 84' lang='lat' dir='ltr'><strong>uros</strong></span> <span class='ocrx_word' id='word_1_101' title='bbox 217 1409 380 1471; x_wconf 85' lang='lat' dir='ltr'><strong>accitarum</strong></span> <span class='ocrx_word' id='word_1_102' title='bbox 396 1428 413 1470; x_wconf 92' lang='lat' dir='ltr'><strong>e</strong></span> <span class='ocrx_word' id='word_1_103' title='bbox 426 1405 664 1470; x_wconf 87' lang='lat' dir='ltr'><strong>Mediomatricis</strong></span> <span class='ocrx_word' id='word_1_104' title='bbox 678 1407 831 1490; x_wconf 91' lang='lat' dir='ltr'><strong>legionum</strong></span> <span class='ocrx_word' id='word_1_105' title='bbox 845 1407 1019 1470; x_wconf 90' lang='lat' dir='ltr'><strong>miserabilis</strong></span> <span class='ocrx_word' id='word_1_106' title='bbox 1031 1427 1138 1490; x_wconf 87' lang='lat' dir='ltr'><strong>aspec-</strong></span> 
     </span>
    </p>
   </div>
   <div class='ocr_carea' id='block_1_5' title="bbox 137 1491 1232 1574">
    <p class='ocr_par' dir='ltr' id='par_1_5' title="bbox 137 1491 1232 1574">
     <span class='ocr_line' id='line_1_15' title="bbox 137 1491 1232 1574; baseline -0.003 -15"><span class='ocrx_word' id='word_1_107' title='bbox 137 1509 196 1560; x_wconf 91' lang='lat' dir='ltr'><strong>tus.</strong></span> <span class='ocrx_word' id='word_1_108' title='bbox 254 1493 381 1558; x_wconf 86' lang='lat' dir='ltr'><strong>Stabant</strong></span> <span class='ocrx_word' id='word_1_109' title='bbox 402 1491 590 1556; x_wconf 68' lang='lat' dir='ltr'><strong>conscientie</strong></span> <span class='ocrx_word' id='word_1_110' title='bbox 612 1492 714 1574; x_wconf 88' lang='lat' dir='ltr'><strong>flagitii</strong></span> <span class='ocrx_word' id='word_1_111' title='bbox 737 1506 863 1570; x_wconf 83' lang='lat' dir='ltr'><strong>moestae,</strong></span> <span class='ocrx_word' id='word_1_112' title='bbox 886 1493 954 1554; x_wconf 80' lang='lat' dir='ltr'><strong>fixis</strong></span> <span class='ocrx_word' id='word_1_113' title='bbox 976 1493 1006 1555; x_wconf 93' lang='lat' dir='ltr'><strong>in</strong></span> <span class='ocrx_word' id='word_1_114' title='bbox 1030 1507 1141 1558; x_wconf 87' lang='lat' dir='ltr'><strong>terram</strong></span> <span class='ocrx_word' id='word_1_115' title='bbox 1231 1499 1232 1508; x_wconf 75' lang='grc'>’</span> 
     </span>
    </p>
   </div>
   <div class='ocr_carea' id='block_1_6' title="bbox 136 1579 1152 3744">
    <p class='ocr_par' dir='ltr' id='par_1_6' title="bbox 136 1579 1145 2707">
     <span class='ocr_line' id='line_1_16' title="bbox 136 1579 1140 1665; baseline -0.003 -19"><span class='ocrx_word' id='word_1_116' title='bbox 136 1581 241 1646; x_wconf 86' lang='lat' dir='ltr'><strong>oculis.</strong></span> <span class='ocrx_word' id='word_1_117' title='bbox 287 1579 319 1644; x_wconf 93' lang='lat' dir='ltr'>N</span> <span class='ocrx_word' id='word_1_118' title='bbox 322 1579 381 1642; x_wconf 86' lang='lat' dir='ltr'><strong>ulla</strong></span> <span class='ocrx_word' id='word_1_119' title='bbox 396 1579 472 1642; x_wconf 90' lang='lat' dir='ltr'><strong>inter</strong></span> <span class='ocrx_word' id='word_1_120' title='bbox 482 1593 627 1642; x_wconf 87' lang='lat' dir='ltr'><strong>coeuntes</strong></span> <span class='ocrx_word' id='word_1_121' title='bbox 639 1579 790 1644; x_wconf 88' lang='lat' dir='ltr'><strong>exercitus</strong></span> <span class='ocrx_word' id='word_1_122' title='bbox 802 1579 1014 1642; x_wconf 89' lang='lat' dir='ltr'><strong>consalutatio:</strong></span> <span class='ocrx_word' id='word_1_123' title='bbox 1039 1600 1140 1665; x_wconf 89' lang='lat' dir='ltr'><strong>neque</strong></span> 
     </span>
     <span class='ocr_line' id='line_1_17' title="bbox 137 1665 1142 1748; baseline -0.004 -16"><span class='ocrx_word' id='word_1_124' title='bbox 137 1666 305 1732; x_wconf 85' lang='lat' dir='ltr'><strong>solantibus</strong></span> <span class='ocrx_word' id='word_1_125' title='bbox 320 1665 545 1728; x_wconf 85' lang='lat' dir='ltr'><strong>hortantibusve</strong></span> <span class='ocrx_word' id='word_1_126' title='bbox 561 1685 705 1748; x_wconf 87' lang='lat' dir='ltr'><strong>responsa</strong></span> <span class='ocrx_word' id='word_1_127' title='bbox 727 1665 848 1742; x_wconf 88' lang='lat' dir='ltr'><strong>dabant,</strong></span> <span class='ocrx_word' id='word_1_128' title='bbox 864 1665 957 1728; x_wconf 89' lang='lat' dir='ltr'><strong>abditi</strong></span> <span class='ocrx_word' id='word_1_129' title='bbox 973 1685 1028 1748; x_wconf 92' lang='lat' dir='ltr'><strong>per</strong></span> <span class='ocrx_word' id='word_1_130' title='bbox 1042 1679 1142 1728; x_wconf 87' lang='lat' dir='ltr'><strong>tento·</strong></span> 
     </span>
     <span class='ocr_line' id='line_1_18' title="bbox 138 1751 1143 1836; baseline -0.002 -19"><span class='ocrx_word' id='word_1_131' title='bbox 138 1755 182 1817; x_wconf 90' lang='lat' dir='ltr'><strong>ria</strong></span> <span class='ocrx_word' id='word_1_132' title='bbox 204 1768 235 1817; x_wconf 89' lang='lat' dir='ltr'><strong>et</strong></span> <span class='ocrx_word' id='word_1_133' title='bbox 255 1753 357 1815; x_wconf 89' lang='lat' dir='ltr'><strong>lucem</strong></span> <span class='ocrx_word' id='word_1_134' title='bbox 379 1751 476 1836; x_wconf 84' lang='lat' dir='ltr'><strong>ipsam</strong></span> <span class='ocrx_word' id='word_1_135' title='bbox 498 1751 646 1814; x_wconf 88' lang='lat' dir='ltr'><strong>vitantes:</strong></span> <span class='ocrx_word' id='word_1_136' title='bbox 671 1773 728 1814; x_wconf 89' lang='lat' dir='ltr'><strong>nec</strong></span> <span class='ocrx_word' id='word_1_137' title='bbox 752 1751 877 1835; x_wconf 89' lang='lat' dir='ltr'><strong>perinde</strong></span> <span class='ocrx_word' id='word_1_138' title='bbox 901 1751 1067 1835; x_wconf 87' lang='lat' dir='ltr'><strong>periculum</strong></span> <span class='ocrx_word' id='word_1_139' title='bbox 1090 1764 1143 1815; x_wconf 87' lang='lat' dir='ltr'><strong>aut</strong></span> 
     </span>
     <span class='ocr_line' id='line_1_19' title="bbox 140 1837 1145 1923; baseline -0.002 -20"><span class='ocrx_word' id='word_1_140' title='bbox 140 1852 250 1916; x_wconf 90' lang='lat' dir='ltr'><strong>metus,</strong></span> <span class='ocrx_word' id='word_1_141' title='bbox 270 1838 360 1923; x_wconf 72' lang='lat' dir='ltr'><strong>qnam</strong></span> <span class='ocrx_word' id='word_1_142' title='bbox 376 1838 473 1922; x_wconf 89' lang='lat' dir='ltr'><strong>pudor</strong></span> <span class='ocrx_word' id='word_1_143' title='bbox 496 1859 532 1902; x_wconf 94' lang='lat' dir='ltr'><strong>ac</strong></span> <span class='ocrx_word' id='word_1_144' title='bbox 559 1837 702 1916; x_wconf 81' lang='lat' dir='ltr'><strong>dedecus,</strong></span> <span class='ocrx_word' id='word_1_145' title='bbox 726 1837 987 1922; x_wconf 80' lang='lat' dir='ltr'><strong>obstupefecerat:</strong></span> <span class='ocrx_word' id='word_1_146' title='bbox 1011 1837 1145 1902; x_wconf 87' lang='lat' dir='ltr'><strong>attonitis</strong></span> 
     </span>
     <span class='ocr_line' id='line_1_20' title="bbox 139 1923 1141 2010; baseline -0.002 -20"><span class='ocrx_word' id='word_1_147' title='bbox 139 1925 231 1990; x_wconf 89' lang='lat' dir='ltr'><strong>etiam</strong></span> <span class='ocrx_word' id='word_1_148' title='bbox 248 1925 419 2002; x_wconf 89' lang='lat' dir='ltr'><strong>victoribus,</strong></span> <span class='ocrx_word' id='word_1_149' title='bbox 436 1925 486 2010; x_wconf 92' lang='lat' dir='ltr'><strong>qui</strong></span> <span class='ocrx_word' id='word_1_150' title='bbox 503 1945 610 1988; x_wconf 90' lang='lat' dir='ltr'><strong>vocem</strong></span> <span class='ocrx_word' id='word_1_151' title='bbox 633 1946 800 2010; x_wconf 89' lang='lat' dir='ltr'><strong>precesque</strong></span> <span class='ocrx_word' id='word_1_152' title='bbox 823 1925 966 1988; x_wconf 88' lang='lat' dir='ltr'><strong>adhibere</strong></span> <span class='ocrx_word' id='word_1_153' title='bbox 989 1937 1048 1988; x_wconf 89' lang='lat' dir='ltr'><strong>uon</strong></span> <span class='ocrx_word' id='word_1_154' title='bbox 1066 1923 1141 2004; x_wconf 92' lang='lat' dir='ltr'><strong>ausi,</strong></span> 
     </span>
     <span class='ocr_line' id='line_1_21' title="bbox 138 2009 1143 2096; baseline -0.004 -18"><span class='ocrx_word' id='word_1_155' title='bbox 138 2011 280 2096; x_wconf 89' lang='lat' dir='ltr'><strong>lacrymis</strong></span> <span class='ocrx_word' id='word_1_156' title='bbox 296 2033 332 2076; x_wconf 89' lang='lat' dir='ltr'><strong>ac</strong></span> <span class='ocrx_word' id='word_1_157' title='bbox 346 2011 464 2076; x_wconf 89' lang='lat' dir='ltr'><strong>silentio</strong></span> <span class='ocrx_word' id='word_1_158' title='bbox 476 2012 595 2074; x_wconf 89' lang='lat' dir='ltr'><strong>veniam</strong></span> <span class='ocrx_word' id='word_1_159' title='bbox 607 2012 790 2095; x_wconf 81' lang='lat' dir='ltr'><strong>poscebant:</strong></span> <span class='ocrx_word' id='word_1_160' title='bbox 813 2012 912 2074; x_wconf 89' lang='lat' dir='ltr'><strong>donec</strong></span> <span class='ocrx_word' id='word_1_161' title='bbox 925 2009 1052 2075; x_wconf 88' lang='lat' dir='ltr'><strong>Cerialis</strong></span> <span class='ocrx_word' id='word_1_162' title='bbox 1064 2011 1143 2075; x_wconf 90' lang='lat' dir='ltr'><strong>mul·</strong></span> 
     </span>
     <span class='ocr_line' id='line_1_22' title="bbox 138 2097 1143 2184; baseline -0.003 -19"><span class='ocrx_word' id='word_1_163' title='bbox 138 2113 224 2164; x_wconf 89' lang='lat' dir='ltr'><strong>ceret</strong></span> <span class='ocrx_word' id='word_1_164' title='bbox 240 2098 365 2174; x_wconf 88' lang='lat' dir='ltr'><strong>animos,</strong></span> <span class='ocrx_word' id='word_1_165' title='bbox 382 2097 461 2162; x_wconf 86' lang='lat' dir='ltr'><strong>‘fato</strong></span> <span class='ocrx_word' id='word_1_166' title='bbox 484 2097 560 2162; x_wconf 89' lang='lat' dir='ltr'><strong>acta&#39;</strong></span> <span class='ocrx_word' id='word_1_167' title='bbox 576 2098 727 2176; x_wconf 88' lang='lat' dir='ltr'><strong>dictitans,</strong></span> <span class='ocrx_word' id='word_1_168' title='bbox 743 2105 829 2184; x_wconf 79' lang='lat' dir='ltr'><strong>‘que</strong></span> <span class='ocrx_word' id='word_1_169' title='bbox 852 2099 980 2164; x_wconf 86' lang='lat' dir='ltr'><strong>militurn</strong></span> <span class='ocrx_word' id='word_1_170' title='bbox 1002 2097 1143 2162; x_wconf 89' lang='lat' dir='ltr'><strong>Ducum·</strong></span> 
     </span>
     <span class='ocr_line' id='line_1_23' title="bbox 139 2183 1143 2272; baseline -0.002 -22"><span class='ocrx_word' id='word_1_171' title='bbox 139 2207 200 2272; x_wconf 90' lang='lat' dir='ltr'><strong>que</strong></span> <span class='ocrx_word' id='word_1_172' title='bbox 224 2184 383 2262; x_wconf 77' lang='lat' dir='ltr'><strong>discordia,</strong></span> <span class='ocrx_word' id='word_1_173' title='bbox 399 2185 447 2248; x_wconf 89' lang='lat' dir='ltr'><strong>vel</strong></span> <span class='ocrx_word' id='word_1_174' title='bbox 470 2183 574 2249; x_wconf 91' lang='lat' dir='ltr'><strong>fraude</strong></span> <span class='ocrx_word' id='word_1_175' title='bbox 601 2185 744 2262; x_wconf 89' lang='lat' dir='ltr'><strong>bostium,</strong></span> <span class='ocrx_word' id='word_1_176' title='bbox 775 2185 958 2250; x_wconf 88' lang='lat' dir='ltr'><strong>evenissent.</strong></span> <span class='ocrx_word' id='word_1_177' title='bbox 1004 2183 1143 2248; x_wconf 89' lang='lat' dir='ltr'><strong>Primum</strong></span> 
     </span>
     <span class='ocr_line' id='line_1_24' title="bbox 139 2271 1144 2357; baseline -0.002 -21"><span class='ocrx_word' id='word_1_178' title='bbox 139 2273 224 2337; x_wconf 92' lang='lat' dir='ltr'><strong>illum</strong></span> <span class='ocrx_word' id='word_1_179' title='bbox 241 2272 459 2357; x_wconf 89' lang='lat' dir='ltr'><strong>stipendiorum</strong></span> <span class='ocrx_word' id='word_1_180' title='bbox 482 2286 514 2335; x_wconf 87' lang='lat' dir='ltr'><strong>et</strong></span> <span class='ocrx_word' id='word_1_181' title='bbox 528 2273 707 2336; x_wconf 86' lang='lat' dir='ltr'><strong>sacramenti</strong></span> <span class='ocrx_word' id='word_1_182' title='bbox 724 2272 803 2336; x_wconf 88' lang='lat' dir='ltr'><strong>diem</strong></span> <span class='ocrx_word' id='word_1_183' title='bbox 820 2272 985 2336; x_wconf 90' lang='lat' dir='ltr'><strong>habereut:</strong></span> <span class='ocrx_word' id='word_1_184' title='bbox 1010 2271 1144 2355; x_wconf 90' lang='lat' dir='ltr'><strong>priorum</strong></span> 
     </span>
     <span class='ocr_line' id='line_1_25' title="bbox 139 2355 1141 2444; baseline -0.002 -20"><span class='ocrx_word' id='word_1_185' title='bbox 139 2359 304 2424; x_wconf 90' lang='lat' dir='ltr'><strong>facinorum</strong></span> <span class='ocrx_word' id='word_1_186' title='bbox 320 2381 419 2444; x_wconf 89' lang='lat' dir='ltr'><strong>neque</strong></span> <span class='ocrx_word' id='word_1_187' title='bbox 435 2358 653 2442; x_wconf 85' lang='lat' dir='ltr'><strong>Imperatorem</strong></span> <span class='ocrx_word' id='word_1_188' title='bbox 669 2381 768 2444; x_wconf 90' lang='lat' dir='ltr'><strong>neque</strong></span> <span class='ocrx_word' id='word_1_189' title='bbox 779 2381 811 2422; x_wconf 95' lang='lat' dir='ltr'><strong>se</strong></span> <span class='ocrx_word' id='word_1_190' title='bbox 827 2357 1023 2422; x_wconf 88' lang='lat' dir='ltr'><strong>meminisse.&#39;</strong></span> <span class='ocrx_word' id='word_1_191' title='bbox 1048 2355 1141 2422; x_wconf 87' lang='lat' dir='ltr'><strong>Tunc</strong></span> 
     </span>
     <span class='ocr_line' id='line_1_26' title="bbox 139 2444 1143 2531; baseline -0.003 -21"><span class='ocrx_word' id='word_1_192' title='bbox 139 2447 255 2531; x_wconf 88' lang='lat' dir='ltr'><strong>recepti</strong></span> <span class='ocrx_word' id='word_1_193' title='bbox 270 2447 298 2510; x_wconf 92' lang='lat' dir='ltr'><strong>in</strong></span> <span class='ocrx_word' id='word_1_194' title='bbox 315 2446 423 2510; x_wconf 90' lang='lat' dir='ltr'><strong>eadem</strong></span> <span class='ocrx_word' id='word_1_195' title='bbox 438 2460 547 2524; x_wconf 86' lang='lat' dir='ltr'><strong>castra,</strong></span> <span class='ocrx_word' id='word_1_196' title='bbox 563 2462 594 2511; x_wconf 91' lang='lat' dir='ltr'><strong>et</strong></span> <span class='ocrx_word' id='word_1_197' title='bbox 608 2447 741 2510; x_wconf 91' lang='lat' dir='ltr'><strong>edictum</strong></span> <span class='ocrx_word' id='word_1_198' title='bbox 757 2467 811 2531; x_wconf 90' lang='lat' dir='ltr'><strong>per</strong></span> <span class='ocrx_word' id='word_1_199' title='bbox 826 2445 1006 2530; x_wconf 88' lang='lat' dir='ltr'><strong>manipulos,</strong></span> <span class='ocrx_word' id='word_1_200' title='bbox 1021 2465 1060 2508; x_wconf 91' lang='lat' dir='ltr'><strong>ne</strong></span> <span class='ocrx_word' id='word_1_201' title='bbox 1077 2444 1143 2528; x_wconf 89' lang='lat' dir='ltr'><strong>quis</strong></span> 
     </span>
     <span class='ocr_line' id='line_1_27' title="bbox 140 2531 1142 2619; baseline -0.004 -21"><span class='ocrx_word' id='word_1_202' title='bbox 140 2535 170 2598; x_wconf 92' lang='lat' dir='ltr'><strong>in</strong></span> <span class='ocrx_word' id='word_1_203' title='bbox 185 2533 351 2598; x_wconf 89' lang='lat' dir='ltr'><strong>certamine</strong></span> <span class='ocrx_word' id='word_1_204' title='bbox 369 2532 507 2619; x_wconf 86' lang='lat' dir='ltr'><strong>jurgiove</strong></span> <span class='ocrx_word' id='word_1_205' title='bbox 530 2534 710 2598; x_wconf 85' lang='lat' dir='ltr'><strong>seditionem</strong></span> <span class='ocrx_word' id='word_1_206' title='bbox 732 2547 785 2597; x_wconf 86' lang='lat' dir='ltr'><strong>aut</strong></span> <span class='ocrx_word' id='word_1_207' title='bbox 807 2533 927 2598; x_wconf 85' lang='lat' dir='ltr'><strong>cladem</strong></span> <span class='ocrx_word' id='word_1_208' title='bbox 945 2531 1142 2600; x_wconf 84' lang='lat' dir='ltr'><strong>commilitoni</strong></span> 
     </span>
     <span class='ocr_line' id='line_1_28' title="bbox 138 2620 783 2707; baseline -0.011 -22"><span class='ocrx_word' id='word_1_209' title='bbox 138 2620 317 2707; x_wconf 86' lang='lat' dir='ltr'><strong>objectaret.</strong></span> <span class='ocrx_word' id='word_1_210' title='bbox 781 2673 783 2678; x_wconf 90' lang='lat'><strong>.</strong></span> 
     </span>
    </p>

    <p class='ocr_par' dir='ltr' id='par_1_7' title="bbox 141 2705 1147 3483">
     <span class='ocr_line' id='line_1_29' title="bbox 186 2705 1146 2790; baseline -0.002 -20"><span class='ocrx_word' id='word_1_211' title='bbox 186 2705 342 2770; x_wconf 88' lang='lat' dir='ltr'><strong>LXXlll.</strong></span> <span class='ocrx_word' id='word_1_212' title='bbox 365 2705 442 2772; x_wconf 85' lang='lat' dir='ltr'><strong>Mox</strong></span> <span class='ocrx_word' id='word_1_213' title='bbox 465 2705 618 2772; x_wconf 88' lang='lat' dir='ltr'><strong>Treveros</strong></span> <span class='ocrx_word' id='word_1_214' title='bbox 643 2728 679 2770; x_wconf 89' lang='lat' dir='ltr'><strong>ac</strong></span> <span class='ocrx_word' id='word_1_215' title='bbox 709 2706 875 2790; x_wconf 80' lang='lat' dir='ltr'><strong>Lingones,</strong></span> <span class='ocrx_word' id='word_1_216' title='bbox 898 2705 937 2768; x_wconf 92' lang='lat' dir='ltr'><strong>ad</strong></span> <span class='ocrx_word' id='word_1_217' title='bbox 966 2705 1146 2768; x_wconf 88' lang='lat' dir='ltr'><strong>concionem</strong></span> 
     </span>
     <span class='ocr_line' id='line_1_30' title="bbox 141 2790 1145 2878; baseline -0.004 -20"><span class='ocrx_word' id='word_1_218' title='bbox 141 2809 275 2871; x_wconf 88' lang='lat' dir='ltr'><strong>vocatos,</strong></span> <span class='ocrx_word' id='word_1_219' title='bbox 302 2794 343 2858; x_wconf 90' lang='lat' dir='ltr'><strong>ita</strong></span> <span class='ocrx_word' id='word_1_220' title='bbox 367 2794 546 2878; x_wconf 87' lang='lat' dir='ltr'><strong>alloquitur:</strong></span> <span class='ocrx_word' id='word_1_221' title='bbox 571 2791 702 2877; x_wconf 86' lang='lat' dir='ltr'><strong>‘Neque</strong></span> <span class='ocrx_word' id='word_1_222' title='bbox 729 2814 788 2874; x_wconf 89' lang='lat' dir='ltr'><strong>ego</strong></span> <span class='ocrx_word' id='word_1_223' title='bbox 813 2813 946 2876; x_wconf 90' lang='lat' dir='ltr'><strong>unquam</strong></span> <span class='ocrx_word' id='word_1_224' title='bbox 972 2790 1145 2854; x_wconf 78' lang='lat' dir='ltr'><strong>facundiam</strong></span> 
     </span>
     <span class='ocr_line' id='line_1_31' title="bbox 141 2875 1145 2965; baseline -0.007 -20"><span class='ocrx_word' id='word_1_225' title='bbox 141 2881 287 2960; x_wconf 83' lang='lat' dir='ltr'><strong>exercui3</strong></span> <span class='ocrx_word' id='word_1_226' title='bbox 309 2895 340 2944; x_wconf 91' lang='lat' dir='ltr'><strong>et</strong></span> <span class='ocrx_word' id='word_1_227' title='bbox 355 2880 466 2965; x_wconf 81' lang='lat' dir='ltr'><strong>Populi</strong></span> <span class='ocrx_word' id='word_1_228' title='bbox 484 2880 616 2944; x_wconf 89' lang='lat' dir='ltr'><strong>Romani</strong></span> <span class='ocrx_word' id='word_1_229' title='bbox 628 2881 766 2942; x_wconf 87' lang='lat' dir='ltr'><strong>virtutem</strong></span> <span class='ocrx_word' id='word_1_230' title='bbox 780 2879 869 2942; x_wconf 87' lang='lat' dir='ltr'><strong>armis</strong></span> <span class='ocrx_word' id='word_1_231' title='bbox 881 2877 1035 2940; x_wconf 90' lang='lat' dir='ltr'><strong>affirmavi.</strong></span> <span class='ocrx_word' id='word_1_232' title='bbox 1071 2875 1145 2954; x_wconf 90' lang='lat' dir='ltr'><strong>Sed,</strong></span> 
     </span>
     <span class='ocr_line' id='line_1_32' title="bbox 142 2961 1147 3053; baseline -0.005 -23"><span class='ocrx_word' id='word_1_233' title='bbox 142 2968 213 3053; x_wconf 90' lang='lat' dir='ltr'><strong>quia</strong></span> <span class='ocrx_word' id='word_1_234' title='bbox 234 2967 316 3050; x_wconf 87' lang='lat' dir='ltr'><strong>apud</strong></span> <span class='ocrx_word' id='word_1_235' title='bbox 331 2988 386 3032; x_wconf 88' lang='lat' dir='ltr'><strong>vos</strong></span> <span class='ocrx_word' id='word_1_236' title='bbox 408 2967 500 3030; x_wconf 88' lang='lat' dir='ltr'><strong>verba</strong></span> <span class='ocrx_word' id='word_1_237' title='bbox 523 2965 685 3049; x_wconf 85' lang='lat' dir='ltr'><strong>plurimtim</strong></span> <span class='ocrx_word' id='word_1_238' title='bbox 708 2964 820 3041; x_wconf 88' lang='lat' dir='ltr'><strong>valent,</strong></span> <span class='ocrx_word' id='word_1_239' title='bbox 842 2964 981 3048; x_wconf 88' lang='lat' dir='ltr'><strong>bonaque</strong></span> <span class='ocrx_word' id='word_1_240' title='bbox 1008 2983 1043 3024; x_wconf 87' lang='lat' dir='ltr'><strong>ac</strong></span> <span class='ocrx_word' id='word_1_241' title='bbox 1066 2961 1147 3026; x_wconf 87' lang='lat' dir='ltr'><strong>mala</strong></span> 
     </span>
     <span class='ocr_line' id='line_1_33' title="bbox 141 3048 1147 3130; baseline -0.008 -12"><span class='ocrx_word' id='word_1_242' title='bbox 141 3075 202 3118; x_wconf 86' lang='lat' dir='ltr'><strong>non</strong></span> <span class='ocrx_word' id='word_1_243' title='bbox 232 3052 288 3118; x_wconf 70' lang='lat' dir='ltr'><strong>suti</strong></span> <span class='ocrx_word' id='word_1_244' title='bbox 316 3051 434 3130; x_wconf 76' lang='lat' dir='ltr'><strong>uaturd,</strong></span> <span class='ocrx_word' id='word_1_245' title='bbox 463 3053 518 3116; x_wconf 89' lang='lat' dir='ltr'><strong>sed</strong></span> <span class='ocrx_word' id='word_1_246' title='bbox 544 3052 666 3114; x_wconf 91' lang='lat' dir='ltr'><strong>vocibus</strong></span> <span class='ocrx_word' id='word_1_247' title='bbox 695 3050 915 3126; x_wconf 89' lang='lat' dir='ltr'><strong>seditiosorum,</strong></span> <span class='ocrx_word' id='word_1_248' title='bbox 938 3048 1147 3124; x_wconf 81' lang='lat' dir='ltr'><strong>aestimantur3</strong></span> 
     </span>
     <span class='ocr_line' id='line_1_34' title="bbox 141 3133 1146 3225; baseline -0.007 -20"><span class='ocrx_word' id='word_1_249' title='bbox 141 3140 231 3205; x_wconf 84' lang='lat' dir='ltr'><strong>statui</strong></span> <span class='ocrx_word' id='word_1_250' title='bbox 248 3161 344 3225; x_wconf 88' lang='lat' dir='ltr'><strong>pauca</strong></span> <span class='ocrx_word' id='word_1_251' title='bbox 355 3140 512 3217; x_wconf 89' lang='lat' dir='ltr'><strong>disserere,</strong></span> <span class='ocrx_word' id='word_1_252' title='bbox 528 3161 605 3224; x_wconf 77' lang='lat' dir='ltr'><strong>que,</strong></span> <span class='ocrx_word' id='word_1_253' title='bbox 622 3136 779 3222; x_wconf 83' lang='lat' dir='ltr'><strong>profligato</strong></span> <span class='ocrx_word' id='word_1_254' title='bbox 797 3136 889 3214; x_wconf 91' lang='lat' dir='ltr'><strong>bello,</strong></span> <span class='ocrx_word' id='word_1_255' title='bbox 902 3135 1001 3198; x_wconf 91' lang='lat' dir='ltr'><strong>utilius</strong></span> <span class='ocrx_word' id='word_1_256' title='bbox 1013 3134 1051 3198; x_wconf 91' lang='lat' dir='ltr'><strong>sit</strong></span> <span class='ocrx_word' id='word_1_257' title='bbox 1062 3133 1146 3198; x_wconf 88' lang='lat' dir='ltr'><strong>vobis</strong></span> 
     </span>
     <span class='ocr_line' id='line_1_35' title="bbox 141 3222 1146 3305; baseline -0.008 -14"><span class='ocrx_word' id='word_1_258' title='bbox 141 3225 272 3305; x_wconf 87' lang='lat' dir='ltr'><strong>audisse,</strong></span> <span class='ocrx_word' id='word_1_259' title='bbox 320 3227 388 3290; x_wconf 77' lang='lat' dir='ltr'><strong>uam</strong></span> <span class='ocrx_word' id='word_1_260' title='bbox 419 3227 505 3288; x_wconf 90' lang='lat' dir='ltr'><strong>nobis</strong></span> <span class='ocrx_word' id='word_1_261' title='bbox 535 3225 658 3289; x_wconf 82' lang='lat' dir='ltr'><strong>dixisse.</strong></span> <span class='ocrx_word' id='word_1_262' title='bbox 704 3222 834 3288; x_wconf 89' lang='lat' dir='ltr'><strong>Terram</strong></span> <span class='ocrx_word' id='word_1_263' title='bbox 856 3238 998 3299; x_wconf 89' lang='lat' dir='ltr'><strong>vestram,</strong></span> <span class='ocrx_word' id='word_1_264' title='bbox 1028 3235 1146 3284; x_wconf 88' lang='lat' dir='ltr'><strong>cetero·</strong></span> 
     </span>
     <span class='ocr_line' id='line_1_36' title="bbox 141 3247 1146 3398; baseline -0.006 -20"><span class='ocrx_word' id='word_1_265' title='bbox 141 3334 269 3398; x_wconf 88' lang='lat' dir='ltr'><strong>rumque</strong></span> <span class='ocrx_word' id='word_1_266' title='bbox 298 3247 468 3388; x_wconf 67' lang='lat' dir='ltr'><strong>bellorum,</strong></span> <span class='ocrx_word' id='word_1_267' title='bbox 491 3312 717 3396; x_wconf 22' lang='lat' dir='ltr'><strong>ingressi-,suot</strong></span> <span class='ocrx_word' id='word_1_268' title='bbox 744 3309 851 3374; x_wconf 90' lang='lat' dir='ltr'><strong>Duces</strong></span> <span class='ocrx_word' id='word_1_269' title='bbox 883 3310 1146 3395; x_wconf 88' lang='lat' dir='ltr'><strong>lmperatoresque</strong></span> 
     </span>
     <span class='ocr_line' id='line_1_37' title="bbox 142 3396 1147 3483; baseline -0.008 -17"><span class='ocrx_word' id='word_1_270' title='bbox 142 3399 288 3476; x_wconf 89' lang='lat' dir='ltr'><strong>Romani,</strong></span> <span class='ocrx_word' id='word_1_271' title='bbox 300 3398 384 3462; x_wconf 70' lang='lat' dir='ltr'><strong>uullb</strong></span> <span class='ocrx_word' id='word_1_272' title='bbox 397 3398 551 3482; x_wconf 87' lang='lat' dir='ltr'><strong>cupidine,</strong></span> <span class='ocrx_word' id='word_1_273' title='bbox 563 3398 616 3461; x_wconf 91' lang='lat' dir='ltr'><strong>sed</strong></span> <span class='ocrx_word' id='word_1_274' title='bbox 631 3397 795 3483; x_wconf 85' lang='lat' dir='ltr'><strong>majoribus</strong></span> <span class='ocrx_word' id='word_1_275' title='bbox 807 3397 913 3460; x_wconf 90' lang='lat' dir='ltr'><strong>vestris</strong></span> <span class='ocrx_word' id='word_1_276' title='bbox 928 3396 1147 3473; x_wconf 89' lang='lat' dir='ltr'><strong>invocantibus,</strong></span> 
     </span>
    </p>

    <p class='ocr_par' dir='ltr' id='par_1_8' title="bbox 143 3483 1152 3744">
     <span class='ocr_line' id='line_1_38' title="bbox 167 3483 1149 3570; baseline -0.006 -20"><span class='ocrx_word' id='word_1_277' title='bbox 167 3507 220 3550; x_wconf 92' lang='lat' dir='ltr'><strong>uos</strong></span> <span class='ocrx_word' id='word_1_278' title='bbox 236 3485 390 3549; x_wconf 80' lang='lat' dir='ltr'><strong>discordia</strong></span> <span class='ocrx_word' id='word_1_279' title='bbox 406 3507 501 3570; x_wconf 88' lang='lat' dir='ltr'><strong>usque</strong></span> <span class='ocrx_word' id='word_1_280' title='bbox 517 3484 555 3548; x_wconf 91' lang='lat' dir='ltr'><strong>ad</strong></span> <span class='ocrx_word' id='word_1_281' title='bbox 571 3485 697 3548; x_wconf 83' lang='lat' dir='ltr'><strong>exitium</strong></span> <span class='ocrx_word' id='word_1_282' title='bbox 714 3483 896 3566; x_wconf 82' lang='lat' dir='ltr'><strong>fatigabant:</strong></span> <span class='ocrx_word' id='word_1_283' title='bbox 922 3497 953 3546; x_wconf 89' lang='lat' dir='ltr'><strong>et</strong></span> <span class='ocrx_word' id='word_1_284' title='bbox 968 3483 1056 3548; x_wconf 91' lang='lat' dir='ltr'><strong>acciti</strong></span> <span class='ocrx_word' id='word_1_285' title='bbox 1072 3502 1149 3545; x_wconf 83' lang='lat' dir='ltr'><strong>aux·</strong></span> 
     </span>
     <span class='ocr_line' id='line_1_39' title="bbox 143 3508 1152 3654; baseline -0.005 -18"><span class='ocrx_word' id='word_1_286' title='bbox 143 3508 195 3636; x_wconf 77' lang='lat' dir='ltr'><strong>llio</strong></span> <span class='ocrx_word' id='word_1_287' title='bbox 211 3570 357 3636; x_wconf 89' lang='lat' dir='ltr'><strong>Germani</strong></span> <span class='ocrx_word' id='word_1_288' title='bbox 377 3571 464 3635; x_wconf 87' lang='lat' dir='ltr'><strong>sociis</strong></span> <span class='ocrx_word' id='word_1_289' title='bbox 488 3571 599 3654; x_wconf 92' lang='lat' dir='ltr'><strong>pariter</strong></span> <span class='ocrx_word' id='word_1_290' title='bbox 621 3585 713 3654; x_wconf 88' lang='lat' dir='ltr'><strong>atque</strong></span> <span class='ocrx_word' id='word_1_291' title='bbox 737 3572 872 3634; x_wconf 88' lang='lat' dir='ltr'><strong>hostibus</strong></span> <span class='ocrx_word' id='word_1_292' title='bbox 895 3574 1072 3634; x_wconf 88' lang='lat' dir='ltr'><strong>servitutem</strong></span> <span class='ocrx_word' id='word_1_293' title='bbox 1095 3569 1152 3632; x_wconf 86' lang='lat' dir='ltr'><strong>iru-</strong></span> 
     </span>
     <span class='ocr_line' id='line_1_40' title="bbox 144 3655 1151 3744; baseline -0.004 -22"><span class='ocrx_word' id='word_1_294' title='bbox 144 3671 321 3744; x_wconf 87' lang='lat' dir='ltr'><strong>posuerant.</strong></span> <span class='ocrx_word' id='word_1_295' title='bbox 367 3655 454 3732; x_wconf 84' lang='lat' dir='ltr'><strong>Quot</strong></span> <span class='ocrx_word' id='word_1_296' title='bbox 477 3657 582 3743; x_wconf 84' lang='lat' dir='ltr'><strong>praeliis</strong></span> <span class='ocrx_word' id='word_1_297' title='bbox 600 3657 745 3720; x_wconf 86' lang='lat' dir='ltr'><strong>adversbs</strong></span> <span class='ocrx_word' id='word_1_298' title='bbox 760 3656 903 3721; x_wconf 89' lang='lat' dir='ltr'><strong>Cimbros</strong></span> <span class='ocrx_word' id='word_1_299' title='bbox 918 3655 1151 3740; x_wconf 85' lang='lat' dir='ltr'><strong>Tuetonosque,</strong></span> 
     </span>
    </p>
   </div>
   <div class='ocr_carea' id='block_1_7' title="bbox 141 3743 1153 3833">
    <p class='ocr_par' dir='ltr' id='par_1_9' title="bbox 141 3743 1153 3833">
     <span class='ocr_line' id='line_1_41' title="bbox 141 3743 1153 3833; baseline -0.006 -24"><span class='ocrx_word' id='word_1_300' title='bbox 141 3746 265 3833; x_wconf 83' lang='lat' dir='ltr'><strong>quantis</strong></span> <span class='ocrx_word' id='word_1_301' title='bbox 295 3744 486 3812; x_wconf 83' lang='lat' dir='ltr'><strong>exercituum</strong></span> <span class='ocrx_word' id='word_1_302' title='bbox 519 3757 688 3809; x_wconf 88' lang='lat' dir='ltr'><strong>uostromm</strong></span> <span class='ocrx_word' id='word_1_303' title='bbox 717 3743 879 3821; x_wconf 90' lang='lat' dir='ltr'><strong>laboribus,</strong></span> <span class='ocrx_word' id='word_1_304' title='bbox 907 3764 1006 3828; x_wconf 88' lang='lat' dir='ltr'><strong>quove</strong></span> <span class='ocrx_word' id='word_1_305' title='bbox 1035 3753 1153 3804; x_wconf 88' lang='lat' dir='ltr'><strong>eventu</strong></span> 
     </span>
    </p>
   </div>
   <div class='ocr_carea' id='block_1_8' title="bbox 0 0 1257 4316">
    <p class='ocr_par' dir='ltr' id='par_1_10' title="bbox 0 0 1257 4316">
     <span class='ocr_line' id='line_1_42' title="bbox 0 0 1257 4316; baseline 0 0"><span class='ocrx_word' id='word_1_306' title='bbox 0 0 1257 4316; x_wconf 95' lang='lat' dir='ltr'><strong> </strong></span> 
     </span>
    </p>
   </div>
  </div>
 </body>
</html>
