2556 4446
397 392 444 438 nn
466 369 686 440 Osaroarnns
708 369 893 444 Dracones.
948 380 954 395 '
1084 371 1150 436 247

148 533 207 620 est,
221 539 449 626 suspicatusque
471 545 513 604 ex
528 535 602 622 ipsi
616 537 780 603 intentione
802 523 1150 624 singulorumpahiorem

149 629 295 694 intereos
311 647 377 690 esse
392 647 562 690 sermonem
577 646 585 687 ε
608 623 691 688 Num
709 645 814 708 parum
826 623 1033 706 tempestivus,
1044 624 1150 708 inquit,

149 714 308 790 interveni,
332 727 483 780 secretum
506 709 669 782 consilinm·
689 726 721 774 et
746 732 844 774 cause
871 707 996 795 alicujus
1022 713 1151 775 medita·

149 798 498 868 tionemtraetantibus?
823 802 825 805 ’
1096 845 1098 854 ,

193 885 333 963 Minime,
357 885 492 962 minime,
516 883 611 970 inquit
634 882 806 961 Secundus,
829 896 920 968 atque
943 882 1021 946 aded
1040 883 1150 948 vellem

150 972 296 1043 maturius
312 971 546 1042 intervenissesr
569 969 751 1034 delectdsset
765 970 846 1034 enirn
868 985 899 1033 te
914 983 946 1033 et
962 970 1039 1055 Apri
1061 972 1153 1036 nostri

152 1060 392 1124 accuratissimus
407 1079 517 1134 sermo,
541 1056 612 1120 crim
635 1056 821 1134 Maternum,
835 1071 868 1120 ut
890 1079 981 1120 omne
1000 1059 1152 1142 ingenium

151 1167 189 1216 ac
204 1147 339 1212 studium
351 1167 438 1210 suurn
449 1144 486 1207 ad
501 1143 752 1226 causasagendes
761 1155 963 1220 converteret,
976 1146 1154 1208 exhortatus

147 1247 209 1311 est,
225 1251 257 1300 et
272 1231 402 1301 Materni
419 1252 473 1316 pro
494 1231 676 1318 carminibus
698 1229 852 1307 suislaeta,
867 1247 961 1315 utque
981 1245 1085 1315 poetas
1100 1232 1154 1294 de-

152 1319 235 1384 sendi
252 1319 390 1396 decebat,
405 1313 571 1396 audentior,
587 1326 618 1381 et
630 1331 788 1404 poetarum
800 1316 891 1404 quiam
906 1331 1057 1382 oratorum
1073 1318 1155 1382 simi·
1263 1321 1264 1326 ’

152 1407 339 1484 honoratio.
759 1413 762 1416 '
878 1405 881 1411 ’
1042 1411 1107 1454 ²-

197 1491 354 1570 Meverd,
369 1491 474 1579 inquit,
490 1505 522 1556 st
537 1512 637 1562 sermo
652 1491 717 1574 ipse
737 1489 852 1555 infinite
867 1490 1023 1575 voluptate
1038 1493 1156 1556 affecis-

153 1593 212 1660 set,
227 1594 318 1666 atque
330 1580 363 1642 td
379 1581 476 1665 ipsum
493 1578 634 1654 delectat,
651 1577 731 1660 qudd
756 1597 820 1652 vos,
837 1576 890 1638 viri
907 1577 1017 1658 optimi
1033 1591 1156 1640 ettam·

153 1689 263 1754 porum
279 1682 453 1732 nostrorum*
470 1678 615 1740 oratores,
630 1683 690 1724 non
711 1660 880 1725 forensibus
895 1661 1013 1724 tahtirm
1029 1664 1155 1746 negotiis

151 1767 188 1821 ,et
202 1752 417 1818 declamatorio
440 1749 537 1833 studio
560 1748 679 1832 ingenia
695 1762 793 1811 vestra
816 1747 978 1824 exercetis,
998 1749 1052 1810 sed
1076 1750 1156 1836 ejus·

155 1838 238 1902 modi
253 1839 344 1900 etiam
360 1835 578 1920 disputationes
589 1833 758 1919 adjungitis,
771 1856 837 1919 que
849 1847 880 1898 et
888 1833 923 1896 in
946 1834 1048 1897 eninm
1060 1836 1156 1914 alunt,

157 1937 188 1988 et
203 1920 377 1988 eruditionis
392 1937 422 1986 et
445 1922 597 1986 literarum
616 1921 868 2006 jucundissimum
888 1855 1156 2001 obiectamenrum,

157 2009 227 2078 curn
243 2010 337 2085 robis,
358 2010 419 2093 qui
431 2008 481 2072 itta
503 2009 672 2092 disputatis,
687 2007 826 2084 afferunt,
842 2023 906 2072 tum
929 2008 1019 2072 etiam
1039 2007 1157 2092 hies-ad

157 2117 284 2182 quorum
305 2116 391 2158 aures
417 2095 619 2180 pervenerint.
665 2094 771 2180 ltaque
801 2093 938 2159 Hercule
968 2117 1027 2158 non
1058 2087 1156 2161 minus

159 2183 277 2268 probari
299 2183 388 2246 video
410 2183 440 2244 in
463 2195 505 2260 te,
529 2181 684 2260 Secunde,
708 2181 800 2267 qudd,
820 2182 893 2246 Julii
917 2181 1043 2246 Asiatici
1065 2185 1157 2246 vitam

158 2269 381 2353 componend0,
410 2289 496 2353 spem
528 2269 698 2333 hominibus
727 2269 824 2336 iecisti
852 2269 980 2352 plurium
1011 2268 1159 2354 ejusmodi

159 2356 312 2432 librorum,
328 2355 419 2440 quiam
441 2356 471 2418 in
488 2355 583 2438 Apro,
600 2354 681 2437 qubd
703 2351 869 2418 nonduma
885 2353 1069 2417 scholasticis
1084 2375 1159 2418 con·

160 2443 310 2507 troversiis
322 2441 454 2518 recessit,
468 2456 497 2505 et
508 2441 606 2504 otium
622 2461 710 2504 seam
720 2439 836 2503 inaruit
848 2459 993 2502 novorum
1004 2440 1158 2506 rhetorum

160 2549 256 2602 more,
272 2529 362 2614 qu'am
376 2543 513 2592 veterum
524 2541 687 2603 oratorum,
702 2547 892 2591 consumere.

203 2613 278 2680 XV.
301 2615 383 2682 Tum
401 2616 505 2700 Aper:
530 2611 601 2680 Non
623 2614 743 2691 desinis,
766 2611 911 2690 Messala,
926 2627 1028 2677 vetera
1043 2613 1159 2678 tantirm
1263 2639 1264 2644 ¹

161 2717 193 2768 et
208 2704 330 2789 antique
346 2704 454 2780 mirari,
477 2717 647 2766 nostrorum
670 2715 771 2764 antem
794 2715 965 2786 temporum
984 2702 1079 2765 studia
1097 2702 1161 2766 irri-

161 2790 235 2854 dere
250 2805 340 2874 atque
356 2791 574 2852 contemnere?
608 2787 638 2850 N
641 2809 689 2850 am
706 2789 787 2850 hune
802 2801 887 2850 tuum
899 2809 1069 2852 sermonem
1079 2790 1160 2874 sepia

161 2878 282 2960 excepi,
297 2876 375 2950 edm,
387 2874 501 2936 oblitus
517 2887 547 2934 et
563 2885 620 2936 tuae
642 2888 674 2936 et
688 2872 784 2936 fratris
798 2873 841 2937 tui
856 2875 1049 2957 eloquentiae,
1065 2877 1161 2940 nemi-

160 2981 232 3026 nem
249 2961 307 3023 hoc
322 2975 459 3040 tempore
474 2972 624 3022 oratorem
640 2975 707 3022 esse
718 2959 917 3022 contenderes
929 2981 938 3022 ι
948 3003 949 3008 1
960 2973 1051 3044 atque
1066 2963 1095 3024 id
1112 2962 1160 3040 ed,

161 3047 265 3124 credo,
290 3045 443 3122 audaciirs,
471 3043 552 3130 quod
579 3045 769 3130 malignitatis
789 3046 961 3130 opinionem
988 3068 1047 3108 non
1075 3069 1162 3110 vere·

160 3133 336 3210 baris,ci1m
353 3153 420 3196 earn
437 3132 574 3216 gloriam,
590 3153 681 3218 qnam
696 3133 748 3198 tibi
763 3132 812 3196 alii
827 3133 1011 3210 concedunt,
1027 3133 1092 3218 ipse
1108 3134 1161 3198 tibi

162 3220 339 3302 denegares.
827 3241 830 3246 ·
999 3231 1002 3236 ’

207 3306 318 3392 Neque
345 3306 433 3379 illius,
459 3305 566 3390 inquit,
590 3307 735 3370 sermonis
760 3305 820 3369 mei
845 3305 1053 3390 poenitentiam
1083 3327 1164 3394 age,

163 3415 263 3478 nsque
279 3409 330 3457 ant
345 3392 533 3469 Secundum,
556 3407 607 3456 aut
632 3409 812 3470 maternum,
835 3407 886 3456 aut
907 3393 1048 3474 teipsum,
1066 3393 1162 3477 Aper,

165 3487 351 3566 (quanquam
369 3479 519 3542 interdum
543 3479 572 3541 in
596 3480 779 3542 contrarium
794 3478 942 3564 disputes)
957 3479 1040 3543 aliter
1054 3482 1163 3546 sentire

163 3567 266 3630 credo.
312 3568 360 3630 Ac
377 3566 467 3628 velim
484 3567 674 3648 impetratum
691 3567 728 3629 ab
740 3566 840 3651 aliquo
851 3565 995 3642 vestrdm,
1011 3582 1043 3630 ut
1058 3589 1164 3634 causas

163 3652 253 3739 hujus
269 3654 388 3734 infinite
404 3653 579 3716 differentiis
595 3668 742 3716 scrutetur
763 3674 798 3716 ac
815 3653 931 3728 reddat,
955 3676 1028 3738 quas
1045 3677 1165 3720 meeum

163 3740 229 3823 ipse
246 3741 424 3824 plerumque
440 3741 594 3824 conquiro.
642 3738 695 3814 Et,
708 3739 787 3824 quod
801 3741 978 3825 quibusdam
995 3743 1100 3806 solatio
1109 3757 1164 3820 est,

163 3827 238 3892 mibi
253 3841 344 3908 auget
361 3829 567 3910 questionem,
584 3827 652 3911 quie
669 3827 758 3890 video
780 3829 869 3892 etiam
893 3827 990 3890 Graiis
1011 3830 1164 3904 accidisse,

164 3927 199 3984 ut
220 3915 339 3998 longius
363 3915 438 3978 absit
463 3913 611 3978 AEschine
640 3929 673 3978 et
696 3913 908 3980 Demosthene
935 3915 1084 3978 Sacerdos
1109 3915 1166 3978 iste
