2560 4258
131 263 173 327 A.
191 261 232 328 C.
248 261 317 347 69.]
452 261 595 327 Htsroa.
618 259 694 326 Lra.
718 261 862 326 Paratus.
1088 261 1134 326 25

131 427 270 505 ‘socios'
302 441 334 491 ut
356 427 439 504 olim,
462 428 516 489 sed
540 428 661 490 ‘hostes
685 439 716 490 et
732 425 837 490 v'ictos'
855 425 1015 488 vocabant.
1062 425 1132 490 Nec

132 515 236 578 deerat
251 537 318 600 pars
333 513 510 588 Galliarum,
526 537 591 600 quae
609 513 752 576 Rhenum
769 513 887 588 accolit,
900 512 1021 574 easdem
1033 527 1133 596 partes

132 617 247 677 secuta,
278 623 313 664 ac
336 615 399 664 tum
423 601 565 663 acerrima
593 601 758 681 instigatrix
778 599 919 662 adversus
940 597 1132 662 Galbianos:

131 688 191 751 hoc
221 689 300 750 enirn
327 709 448 764 nomen,
479 685 609 750 fastidito
635 685 776 762 Vindice,
801 686 980 748 indiderant.
1037 684 1134 768 Igitur

97 843 103 850 ,
132 773 281 858 Sequanis
297 773 476 858 AEduisque,
500 793 535 836 ac
551 774 671 849 deinde,
694 788 780 857 prout
796 773 948 855 opulentia
964 772 1133 835 civitatibus

131 876 206 936 etat,
231 860 346 936 infensi,
362 861 600 944 expugnationes
616 861 744 935 urbium,
761 859 968 942 populationes
984 879 1133 940 agrorum,

130 961 232 1032 raptus
249 949 401 1031 penatium
419 949 579 1008 hauserunt
596 947 714 1009 animo:
738 967 829 1029 super
844 946 996 1007 avaritiam
1010 961 1041 1006 et
1053 967 1134 1008 arro-

131 1036 275 1116 gantiam,
300 1034 446 1117 precipua
471 1033 646 1095 validiorum
664 1033 744 1106 vitia,
767 1031 959 1094 contumacia
975 1031 1131 1095 Gallorum

133 1120 246 1195 irritati,
274 1121 335 1204 qui,
362 1121 535 1181 ‘remissam
559 1121 613 1181 sibi
638 1117 774 1180 aGalbb
797 1134 933 1203 quartarn
956 1119 1134 1182 tributorum

132 1221 268 1289 partem;
301 1227 353 1268 eos
376 1203 496 1290 publice
519 1207 686 1280 damnatos,
710 1207 738 1266 in
762 1205 954 1286 ignominiam
971 1205 1132 1268 exercitds’

129 1291 296 1377 jactabant.
343 1292 482 1354 Accessit
511 1291 609 1354 calide
633 1293 798 1374 vulgatum,
830 1291 944 1353 temere
975 1293 1134 1369 creditum,

134 1387 142 1415 ‘
154 1379 306 1441 decumani
320 1379 453 1460 legiones
465 1393 494 1440 et
507 1379 739 1462 promtissimam
751 1399 902 1462 quemque
913 1377 1136 1442 Centurionum

133 1465 272 1528 dimitti?
306 1466 438 1549 undique
462 1481 578 1527 atroces
604 1467 708 1540 nuntii,
739 1465 854 1527 sinistra
879 1486 918 1526 ex
943 1466 1017 1526 urbe
1037 1465 1133 1528 sarna:

132 1551 247 1614 insensa
268 1552 477 1634 Lugdunensis
493 1553 622 1626 colonia,
639 1567 680 1625 et,
699 1553 840 1634 pertinaci
858 1573 910 1633 pro
927 1550 1051 1612 Nerone
1065 1553 1134 1629 fide,

134 1638 276 1702 soecunda
304 1639 481 1700 rumoribus
530 1638 591 1700 Sed
616 1639 741 1722 plurima
766 1639 802 1699 ad
820 1638 993 1718 lingendum
1009 1639 1136 1699 creden-

135 1725 268 1810 dumque
296 1725 435 1786 materies
458 1725 485 1785 in
506 1725 575 1807 ipsis
591 1726 704 1802 castris,
720 1725 800 1800 odio,
822 1740 915 1799 meto,
932 1739 974 1800 et,
992 1724 1041 1786 ubi
1059 1725 1136 1787 vires

134 1833 203 1874 suas
221 1826 425 1894 respexerant,
441 1813 611 1872 securitate.

179 1897 251 1958 Lll.
277 1897 340 1957 Sub
364 1898 441 1980 ipsas
471 1898 628 1980 superioris
659 1897 727 1959 anni
758 1895 913 1980 Kalendas
943 1896 1134 1960 Decembres

136 1985 236 2046 Aulus
252 1983 401 2060 Vitellius,
425 1982 591 2046 inferiorem
609 1983 803 2046 Germaniam
821 1985 980 2064 ingressus,
999 1984 1136 2066 hyberna

135 2071 287 2152 legionum
311 2091 380 2132 eum
404 2069 478 2132 corb
493 2072 620 2132 adierat:
646 2071 752 2133 redditi
769 2071 918 2154 plerisque
934 2070 1065 2146 ordines,
1089 2091 1136 2132 re-

135 2158 225 2220 missa
242 2157 414 2239 ignominia,
438 2159 573 2220 allevutae
590 2173 683 2220 notae:
709 2158 790 2240 plura
808 2158 982 2230 ambitione,
1000 2158 1137 2240 quaedatn

130 2242 263 2329 judicio:
296 2244 324 2305 in
349 2244 455 2328 quibus
477 2245 597 2306 sordem
613 2259 643 2306 et
659 2244 812 2306 avaritiam
831 2242 950 2305 Fonteii
967 2241 1136 2326 Capitonis,

135 2331 302 2394 adimendis
327 2331 550 2412 assignandisve
578 2331 687 2392 militia
710 2331 873 2405 ordinibus
900 2329 1015 2412 integre
1039 2347 1138 2392 muta-

136 2432 230 2479 verat.
277 2415 307 2478 N
311 2437 346 2478 ec
356 2415 531 2479 Consularis
541 2416 649 2498 Legati
666 2415 816 2492 mensuris,
829 2416 920 2478 sedin
934 2416 1138 2501 majusomnia

136 2503 369 2585 accipiebantur.
416 2502 459 2565 Et
483 2502 622 2566 Vitellios
653 2505 731 2588 apud
763 2525 885 2566 severos
917 2503 1045 2565 homilis.
1101 2501 1137 2565 ld

134 2591 307 2654 comitatem
320 2589 544 2674 bonitatemque
552 2589 688 2652 serentes
699 2590 857 2666 vocabant,
871 2588 950 2673 qubd
961 2590 1024 2649 sine
1035 2589 1136 2666 modo,

136 2677 200 2738 sine
219 2675 334 2761 judicio
349 2676 474 2738 donaret
490 2697 554 2752 sua,
578 2678 735 2757 largiretur
750 2678 867 2738 aliena:
892 2673 977 2735 simul
995 2675 1138 2737 aviditate

137 2763 312 2847 imperandi.
361 2761 427 2846 lpse
441 2764 509 2825 vitia
527 2785 580 2847 pro
594 2764 749 2826 virtutibus
765 2760 1035 2842 interpretabantur
1051 2761 1137 2823 multi

135 2849 165 2910 in
196 2865 323 2933 utroque
346 2851 481 2912 exercito
509 2853 585 2912 sicut
610 2851 737 2911 modesti
762 2847 925 2929 quietique,
949 2846 988 2907 ita
1012 2847 1081 2908 mali
1105 2861 1142 2910 et

137 2936 262 2997 strenui.
309 2935 371 2998 Sed
390 2934 509 3019 prolusit
521 2937 661 3019 cupidine
678 2951 707 2997 et
723 2932 829 3013 insigni
845 2933 1013 2994 temeritate
1028 2931 1137 3013 Legati

134 3021 298 3102 legionum,
326 3022 451 3084 Alienus
476 3021 599 3084 Caecina
626 3038 655 3080 et
682 3017 795 3080 Fabius
821 3016 951 3080 Valens:
987 3021 1136 3102 equibus

133 3103 258 3182 Valens,
283 3106 413 3170 infensus
437 3107 553 3181 Galba,
582 3125 722 3189 tanquam
747 3105 899 3166 detectam
917 3125 982 3166 ase
999 3103 1136 3186 Verginii

133 3195 368 3270 cunctationem,
391 3214 532 3278 oppressa
556 3190 714 3274 Capitonis
737 3191 857 3252 consilia
876 3191 992 3272 ingrate
1008 3193 1135 3271 tulisset,
1224 3201 1226 3208 '

134 3281 274 3358 instigare
293 3279 459 3353 Vitellium,
477 3278 632 3340 ‘ardorem
650 3277 787 3339 militum'
800 3293 965 3340 ostentans.
1012 3277 1136 3362 ‘lpsum

134 3367 245 3430 celebri
260 3368 369 3450 ubique
386 3365 482 3428 sarnai:
508 3366 620 3427 nullam
638 3367 665 3426 in
683 3363 797 3426 Flacco
815 3362 991 3426 Hordeonio
1002 3387 1133 3430 moram:

135 3453 227 3516 affore
253 3454 456 3515 Britanniam:
489 3468 627 3514 secutura
651 3449 871 3513 Germanorum
896 3451 1024 3513 auxilia:
1057 3453 1135 3516 rnalb

133 3541 207 3604 fidas
233 3539 413 3623 provincias:
446 3539 611 3622 precarium
629 3539 691 3600 seni
710 3535 870 3622 Imperium
886 3552 916 3599 et
933 3538 1014 3599 brevi
1031 3540 1136 3602 transi-

133 3641 233 3689 turum
248 3649 254 3688 :
281 3625 425 3706 panderet
441 3624 531 3687 modb
546 3627 642 3686 sinum
656 3639 686 3686 et
699 3625 829 3686 venienti
848 3621 987 3687 Fortunae
997 3645 1138 3689 occurre-

135 3726 193 3776 ret.
239 3711 350 3774 Meritb
373 3711 524 3774 dubitbsse
537 3710 725 3792 Verginium,
741 3709 882 3796 Equestri
899 3709 1020 3786 familia,
1033 3711 1135 3792 ignoto

132 3815 236 3884 patre:
269 3800 426 3884 imparem,
448 3799 473 3862 si
489 3800 651 3884 recepisset
669 3797 850 3882 imperium:
883 3812 993 3876 tutum,
1008 3797 1032 3860 si
1048 3819 1135 3863 recu·
