2508 4254
122 179 184 242 12⁰
458 173 499 239 C.
523 172 633 238 Coss.
656 171 780 238 Tacrrr
908 173 964 257 [A.
980 171 1023 238 U.
1039 173 1118 240 822.

119 340 269 425 prosperis
281 338 402 422 quidem
415 359 517 424 parem
531 359 538 402 :
563 337 641 402 aded
652 338 806 402 ruentibus
818 337 1017 402 debilitatum.
1041 339 1120 407 Gra-

119 429 191 490 tiam
208 427 313 510 patrati
337 425 406 488 belli
431 445 524 509 penes
547 447 629 502 curn,
645 425 696 510 qui
719 426 823 488 urbem
846 426 1037 512 occupasset.
1083 426 1120 490 ld

120 513 233 578 Sabino
252 513 424 589 convenire,
441 527 472 576 ut
493 510 659 595 Imperium
683 511 761 576 fratri
784 529 970 590 reservaret3
994 513 1023 576 id
1039 511 1120 578 Ves-

120 601 255 687 pasiano,
270 615 303 662 ut
318 599 410 663 ceteri
428 614 495 681 post
510 598 657 662 Sabinum
673 599 874 662 haberentur!

162 684 270 750 LXV.
295 684 541 770 Haudquaquam
563 701 667 749 erecto
681 687 782 748 animo
797 707 848 748 eas
870 707 960 748 voces
983 686 1117 769 accipie·

118 773 180 851 bat,
200 773 347 836 invalidus
369 771 503 836 senectia.
550 770 657 850 Erant,
677 772 728 857 qui
749 771 875 836 occultis
897 773 1118 856 suspicionibus

118 861 313 936 incesserent,
337 874 478 944 tanquam
494 857 626 921 ‘invidiis
640 872 671 922 et
687 859 876 922 emulatione
896 857 1043 922 fortunam
1059 859 1119 923 lra-

117 947 170 1011 tris
193 944 380 1008 moraretur.²
425 943 567 1029 Namque
591 943 716 1007 Flavius
742 944 883 1021 Sabinus,
912 959 1000 1008 atate
1026 947 1117 1030 prior,

118 1033 241 1118 privatis
256 1032 410 1116 utriusque
430 1032 529 1107 rebus,
545 1032 723 1094 auctoritate
747 1030 936 1116 pecuniisque
953 1029 1119 1115 Vespasia·

118 1142 190 1182 num
211 1119 355 1182 anteibat.
401 1117 443 1180 Et
469 1117 649 1181 credebatur
673 1117 813 1180 affectam
839 1117 905 1182 e'us
928 1118 1017 1181 iidem
1043 1141 1119 1202 praee

115 1205 240 1292 juvisse,
253 1205 344 1267 domo
359 1205 496 1288 agrisque
510 1205 623 1287 pignori
639 1205 785 1287 acceptis.
830 1139 934 1280 llnde,
945 1227 1118 1290 quanquam

118 1306 260 1355 manente
276 1292 305 1354 in
322 1291 455 1374 speciem
478 1289 650 1367 concordii,
673 1293 854 1356 offensarum
876 1308 983 1375 operta
999 1307 1119 1356 metue-

117 1378 236 1442 bantur.
282 1376 392 1440 Melior
416 1377 641 1460 interpretatio:
666 1378 793 1440 ‘mitem
809 1377 906 1441 virum
921 1379 1115 1444 abhorreres

118 1466 262 1548 sanguine
285 1481 315 1528 et
336 1464 488 1527 cedibus:
513 1462 612 1548 abque
631 1464 743 1528 crebris
762 1486 834 1528 cum
856 1463 980 1528 Vitellio
1003 1487 1119 1529 sermo-

118 1543 206 1615 nibus
215 1552 252 1614 de
270 1573 356 1636 pace,
371 1551 577 1635 ponendisque
591 1571 646 1633 per
653 1551 857 1614 conditionem
870 1552 969 1630 armis,
980 1552 1116 1635 agitare.’

119 1638 210 1724 Saepe
227 1639 307 1702 domi
323 1637 486 1722 congressi,
510 1636 662 1720 postremo
683 1638 713 1700 in
730 1638 794 1702 ede
809 1639 970 1724 Apollinis,
985 1656 1017 1702 ut
1038 1638 1118 1703 lama

118 1724 185 1802 luit,
210 1727 365 1809 pepigere.
413 1723 516 1788 Verba
544 1745 695 1808 vocesque
725 1725 801 1788 duos
830 1739 925 1789 testes
954 1725 1117 1804 habebant,

119 1811 264 1876 Cluvium
283 1810 398 1874 Rufum
415 1825 445 1875 et
462 1811 568 1874 Silium
581 1809 730 1874 ltalicunr.
776 1809 887 1876 Vultus
904 1813 1005 1896 procul
1020 1815 1119 1876 visen·
1145 1828 1148 1834 ’

118 1899 197 1962 tibus
219 1899 416 1962 notabantur:
439 1897 554 1961 Vitellii
578 1897 729 1983 projectus
751 1913 782 1962 et
808 1898 964 1982 degener;
987 1899 1121 1964 Sabinus

117 2006 178 2048 non
195 1984 339 2048 insultans
354 1999 385 2047 et
401 1985 552 2048 miseranti
571 1985 715 2068 proprior.

160 2069 281 2134 LXVl.
315 2069 411 2144 Quod
437 2071 545 2136 sitam
572 2069 659 2134 sacili:
685 2093 808 2135 suorum
834 2086 952 2136 mentes
979 2071 1116 2137 flexisset

119 2155 271 2231 Vitellius,
287 2157 379 2242 quim
401 2159 465 2243 ipse
487 2173 630 2234 cesserat,
654 2159 840 2222 incruentam
863 2158 980 2222 Urbem
998 2157 1119 2242 Vespa·

117 2245 191 2308 siani
219 2245 369 2308 exercitus
392 2243 541 2308 intrdsset.
587 2244 747 2322 Ceterum,
771 2259 804 2309 ut
834 2247 959 2332 quisque
992 2244 1117 2310 Vitellio

117 2332 205 2408 lidus,
221 2333 260 2396 lta
285 2353 392 2416 pacem
413 2347 445 2395 et
464 2331 652 2394 conditiones
675 2333 857 2410 abnuebant,
878 2333 1056 2396 ‘discrimen
1080 2353 1117 2396 ac

118 2417 262 2482 dedecus’
278 2433 475 2495 ostentantes,
499 2425 551 2482 ‘et
568 2417 659 2480 fidem
680 2419 709 2482 in
733 2419 855 2482 libidine
872 2420 1001 2483 victoris.
1047 2417 1117 2482 Nec

118 2519 232 2570 tantam
246 2503 436 2590 Vespasiano
450 2505 633 2588 superbiam,
650 2521 681 2570 ut
692 2505 839 2590 privatum
851 2505 1007 2569 Vitellium
1033 2521 1118 2590 pate·

117 2605 218 2656 retur:
243 2614 281 2656 ne
298 2593 393 2656 victos
408 2591 529 2678 quidem
545 2591 667 2654 laturos.
713 2591 760 2656 lta
775 2593 940 2677 periculum
963 2615 1004 2656 ex
1027 2593 1117 2656 mise-

117 2678 255 2743 ricordiis.
300 2677 404 2766 lpsum
432 2679 505 2742 sane
535 2699 652 2757 senem,
682 2693 713 2742 et
742 2681 892 2764 prosperis
921 2679 1116 2764 adversisque

117 2767 267 2830 satiatum.
328 2767 390 2830 Sed
421 2766 502 2854 quod
532 2787 654 2842 nornen,
685 2787 776 2850 quern
805 2781 916 2830 statum
946 2767 1009 2830 filio
1039 2766 1115 2851 ejus,

119 2853 313 2932 Germanico,
337 2852 424 2918 sore?
469 2853 561 2918 Nunc
585 2853 743 2936 pecuniam
759 2869 789 2918 et
804 2852 945 2916 familiam
961 2868 993 2916 et
1013 2853 1118 2918 beatus

118 2941 295 3027 Campania
310 2942 391 3005 sinus
409 2940 558 3026 promitti:
582 2940 647 3016 sed,
663 2939 714 3002 ubi
734 2938 897 3024 Imperium
912 2939 1118 3024 Vespasianus

117 3029 269 3106 invaserit,
284 3051 344 3092 non
360 3029 426 3114 ipsi,
438 3050 497 3090 non
507 3027 610 3090 amicis
626 3026 702 3111 ejus,
715 3049 774 3090 nou
791 3027 922 3112 denique
933 3027 1117 3091 exercitibus

117 3117 321 3193 securitatem,
341 3116 396 3178 nisi
420 3115 572 3178 exstincto
594 3113 745 3190 emulatu,
767 3113 940 3178 redituram.
986 3113 1118 3178 Fabium

117 3203 175 3267 illis
200 3201 375 3277 Valentem,
404 3202 559 3284 captivum
589 3215 620 3263 et
649 3201 767 3264 casibus
793 3201 890 3264 dubiis
919 3215 1116 3278 reservatum,

118 3309 302 3374 praegravem
319 3287 428 3350 luisse:
454 3287 564 3350 nedum
581 3286 702 3350 Primus
717 3309 752 3350 ao
769 3285 898 3362 Fuscus,
915 3303 946 3350 ct
960 3288 1116 3370 specimen

118 3375 247 3460 partium
281 3373 452 3451 Mucianus,
482 3374 574 3436 ullam
605 3375 634 3436 in
663 3371 831 3450 Vitellium,
862 3374 917 3438 nisi
946 3375 1115 3452 occidendi,

116 3461 269 3526 licentiam
299 3461 440 3524 babeant.
485 3453 556 3523 Non
586 3483 604 3524 a
630 3459 752 3524 Cesare
773 3460 967 3544 Pompeium,
993 3482 1052 3524 non
1076 3461 1114 3524 ab

117 3549 259 3633 Augusto
280 3548 447 3612 Antonium
471 3548 638 3612 incolumes
661 3547 799 3612 relictos:
821 3548 876 3611 nisi
903 3547 978 3612 sorte
997 3547 1117 3633 Vespa·

116 3637 216 3701 sianus
232 3637 351 3700 altiores
367 3635 487 3720 spiritus
509 3649 604 3717 gerat,
623 3633 736 3698 Vitellii
758 3635 863 3713 cliens,
886 3634 956 3698 otim
974 3632 1116 3699 Vitellius
1158 3705 1161 3708 ,

115 3723 234 3809 collega
249 3721 380 3789 Claudio
395 3720 482 3786 soret.
528 3720 623 3800 Quin,
644 3735 677 3785 ut
700 3741 858 3788 censuram
881 3723 983 3808 patris,
999 3735 1032 3787 ut
1054 3734 1115 3785 tres
