2516 4250
136 279 178 348 A.
195 277 237 343 C.
252 279 322 360 69.]
423 275 565 342 Hrsron.
589 256 665 342 lou:
689 276 832 342 Pnruus
1093 280 1136 343 43

139 457 171 506 et
186 443 215 506 in
231 442 365 526 speciem
382 441 584 524 magnificum,
597 439 662 518 sed,
680 439 819 513 festinata
829 440 892 527 jam
911 441 1025 526 pridem
1043 462 1137 506 exac-

140 529 233 606 tione,
244 549 298 590 usn
310 527 422 590 sterile.
468 527 543 590 Mox
556 526 663 590 vocata
671 529 829 606 concione,
841 535 849 566 ‘
861 527 1048 613 majestatem
1060 529 1140 592 urbis

139 629 171 678 et
182 635 362 678 consensum
379 613 490 698 Populi
507 635 542 676 ac
555 613 695 676 Senatds'
706 636 760 697 pro
769 636 802 677 se
818 615 968 692 attollens,
980 615 1139 677 adversdm

141 699 320 764 Vitellianas
337 713 435 785 partes
446 699 581 762 modeste
592 700 747 764 disseruit:
773 701 939 764 ‘inscitiam
957 701 1054 784 potitis
1066 701 1141 784 legi·

140 809 233 851 onum
250 787 339 870 quam
357 786 535 863 andaciam,'
552 787 721 870 increpans,
736 785 820 849 nulla
836 784 951 850 Vitellii
968 787 1138 850 mentione:

140 874 206 938 sive
221 874 313 957 ipsius
326 894 361 936 ea
372 872 547 950 moderatio,
557 894 609 936 seu
622 874 749 956 scriptor
763 873 914 952 orationis,
924 874 978 936 sibi
991 889 1140 951 metuens,

141 960 332 1024 contumeliis
355 961 383 1022 in
402 957 559 1022 Vitellium
583 959 742 1022 abstinuit:
768 961 896 1044 quando,
914 961 990 1024 utin
1011 961 1141 1024 consiliis

142 1047 264 1120 militiae,
289 1046 436 1108 Suetonio
452 1045 583 1108 Paulino
599 1059 631 1108 et
653 1045 750 1108 Mario
766 1047 871 1123 Celso,
887 1047 928 1109 ita
944 1047 973 1109 in
990 1047 1078 1110 rebus
1094 1069 1142 1109 or-

141 1133 227 1196 banis
239 1132 351 1194 Galerii
363 1132 506 1195 Trachali
522 1131 642 1214 ingenio
658 1129 814 1194 Othonem
830 1133 873 1196 uti
889 1133 1085 1196 credebatur:
1110 1147 1141 1196 et

143 1233 239 1294 erant,
256 1219 306 1302 qui
327 1239 422 1300 genus
445 1219 544 1301 ipsum
567 1218 670 1280 orandi
693 1233 863 1296 noscerent,
886 1219 992 1282 crebro
1015 1218 1069 1282 sori
1085 1241 1141 1282 usu

97 1325 99 1328 ·
143 1305 275 1381 celebre,
289 1321 319 1367 et
334 1305 371 1366 ad
395 1304 563 1387 implendas
587 1325 674 1368 nores
696 1304 789 1367 latum
807 1319 837 1368 et
852 1327 971 1368 sonans.
1018 1304 1143 1369 Clamor

145 1412 297 1475 vocesque
315 1391 406 1471 vulgi,
423 1412 464 1453 ex
487 1391 745 1466 moroadulandi,
769 1391 865 1454 nimiae
884 1405 915 1454 et
936 1391 1033 1456 lalsae:
1059 1393 1142 1476 quasi

145 1477 334 1542 Dictatorem
358 1475 523 1552 Caesarem,
539 1491 591 1540 ant
614 1476 828 1562 Imperatorem
845 1478 1016 1562 Angustum
1040 1500 1143 1562 prose-

145 1578 319 1649 querentur,
342 1563 382 1625 itn
405 1563 510 1625 studiis
537 1563 675 1648 votisque
697 1565 871 1627 certabant:
896 1585 953 1627 nec
984 1579 1066 1628 metu
1092 1580 1143 1627 ant

145 1671 258 1726 amore,
274 1650 326 1711 sed
339 1669 379 1711 ex
395 1649 517 1712 libidine
534 1651 699 1726 servitii,ut
714 1651 743 1712 in
761 1649 888 1726 familiis,
905 1651 1018 1733 privata
1033 1651 1143 1734 cuique

145 1737 306 1800 stimulatio
316 1749 346 1798 et
363 1735 421 1798 vile
433 1735 495 1821 jam
507 1735 599 1798 decus
611 1735 775 1818 publicum.
800 1735 958 1798 Profectus
970 1735 1066 1812 Otho,
1077 1737 1142 1820 qui·

145 1838 227 1888 crem
243 1822 322 1887 urbis
337 1842 484 1908 curasque
500 1821 621 1908 lmperii
639 1821 742 1886 Salvio
753 1820 877 1888 Titiano
892 1821 970 1889 fratri
988 1821 1131 1910 permisit.
