2484 4316
84 166 147 230 140
424 161 462 226 C.
487 160 594 228 Coun.
618 161 743 228 Trcrar
878 164 932 248 [Α.
949 162 992 229 U.
1009 165 1094 230 822.

82 327 236 413 gloridque
259 325 356 409 gentis
379 347 475 402 orsus,
496 325 617 411 injurias
638 341 670 390 et
692 339 795 410 raptus
810 339 842 390 et
856 339 958 391 cetera
973 331 1091 393 servitii

82 415 162 478 mala
177 428 344 478 enumerat.
390 411 520 496 ‘Neque
543 414 623 476 enim
648 414 837 491 societatem,
860 428 893 477 ut
920 416 1003 492 olim,
1030 417 1089 478 sed

82 515 225 586 tanquam
249 499 395 583 mancipia
419 499 542 560 haberi:
575 500 696 583 quando
720 498 884 580 Legatum,
912 503 994 581 gravi
1020 503 1091 586 qui·

82 587 152 650 dem
168 587 311 650 comitatu
337 600 368 649 et
389 586 520 667 superbo
544 607 613 647 cum
637 586 774 668 imperio,
799 587 924 649 venire?
955 589 1033 650 tradi
1051 609 1089 650 se

81 672 236 738 Praefectis
251 671 564 754 centurionibusque:
590 693 665 755 quos
681 672 730 734 ubi
753 673 856 754 spoliis
883 685 914 735 et
938 675 1088 756 sauguine

81 760 284 842 expleverint,
309 758 429 833 mutari,
452 757 628 840 exquirique
644 779 738 820 novos
753 758 835 822 sinus
861 773 891 822 et
913 761 994 822 varia
1010 782 1087 844 prae-

81 845 171 908 dandi
188 845 346 909 vocabula.
384 843 499 920 Instare
515 843 680 920 delectum,
693 866 753 928 quo
768 845 851 906 liberi
868 847 1085 929 aparentibus,

81 931 185 996 fratres
207 930 387 1006 asratribus,
405 930 486 993 velut
501 951 674 1012 supremum
691 931 872 994 dividantur.
917 931 1086 1016 Nunquam

80 1017 175 1100 magis
187 1017 404 1086 afflictamrem
417 1014 599 1092 Romanam,
616 1038 674 1079 nec
687 1017 766 1078 aliud
781 1017 810 1078 in
823 1017 976 1100 hybernie,
993 1019 1086 1103 quiam

80 1105 212 1189 praedam
228 1118 259 1166 et
270 1123 375 1166 senes:
400 1101 570 1164 attollerent
585 1102 700 1165 tantirm
712 1102 816 1166 oculos
831 1120 861 1167 et
877 1104 974 1166 inania
990 1106 1086 1186 legio-

79 1213 151 1254 num
168 1190 288 1251 nomina
304 1209 342 1250 ne
362 1202 569 1271 pavescerent.
608 1189 649 1252 At
664 1189 719 1251 sibi
736 1189 825 1250 robur
840 1190 974 1272 peditum
999 1193 1086 1274 equi·

80 1291 222 1359 tumque:
246 1274 485 1356 consanguineos
506 1273 696 1338 Germanos:
728 1275 842 1337 Gallias
858 1276 938 1338 idern
958 1279 1086 1360 cupien-

80 1378 146 1425 tes:
169 1383 207 1423 ne
224 1360 370 1424 Romanis
386 1360 507 1442 quidem
524 1361 669 1440 ingratum
687 1360 716 1422 id
733 1361 856 1438 bellum,
881 1362 966 1446 cujus
989 1363 1085 1426 ambi·

80 1469 170 1531 guam
187 1446 334 1510 fortunam
349 1445 538 1529 Vespasiano
550 1447 767 1530 imputaturus:
797 1448 926 1510 victoriae
938 1449 1082 1512 rationem

79 1557 139 1600 uon
156 1534 264 1596 reddi.'

123 1619 197 1684 XV.
222 1617 337 1700 Magno
352 1639 422 1682 curn
438 1639 560 1682 assensu
578 1618 707 1694 auditus,
719 1619 844 1682 barbaro
863 1620 919 1682 ritu
935 1633 966 1683 et
983 1622 1085 1704 patriis

80 1707 320 1772 execrationibus
350 1707 504 1768 universos
530 1705 633 1786 adigit.
679 1704 766 1769 Missi
794 1705 831 1767 ad
855 1703 1082 1785 Canninefates,

80 1795 129 1878 qui
142 1793 265 1856 consilia
276 1792 435 1855 sociarent.
474 1789 521 1852 Ea
533 1813 608 1874 gens
621 1805 737 1874 partem
750 1791 851 1854 insulae
862 1792 945 1869 colit,
958 1793 1082 1876 origine,

78 1879 191 1960 lingui,
203 1880 320 1955 virtute,
336 1899 390 1961 par
401 1877 544 1954 Batavis3
568 1899 694 1940 numero
709 1891 895 1961 superantur.
942 1878 1018 1941 lllox
1031 1901 1083 1943 oc·

79 1966 168 2030 cultis
183 1965 292 2027 nuntiis
308 1964 435 2047 pellexit
450 1963 625 2026 Britannica
641 1964 763 2040 auxilia,
774 1963 958 2026 Batavorum
975 1967 1084 2028 cohor·

78 2065 135 2128 tes,
152 2051 256 2114 missas
271 2050 300 2112 in
317 2049 522 2126 Germaniam,
546 2063 579 2112 ut
594 2049 686 2132 supra
701 2050 865 2126 retulimus,
882 2071 918 2112 ac
933 2064 997 2112 tum
1013 2051 1083 2114 Ma-

79 2137 208 2220 gontiaci
231 2150 365 2219 agentes.
412 2135 487 2198 Erat
502 2137 531 2198 iu
548 2135 797 2199 Canninefatibus
819 2136 935 2198 stolidae
951 2137 1082 2201 audacie

79 2223 205 2300 Brinno,
227 2225 361 2288 claritate
376 2223 519 2286 natalium
535 2223 662 2304 insigni:
693 2237 780 2306 pater
794 2221 869 2306 ejus,
896 2223 990 2286 multa
1013 2225 1082 2287 hos·

78 2310 141 2374 tilia
171 2331 270 2388 ausus,
297 2309 479 2372 Gaianarum
510 2309 739 2392 expeditionum
768 2308 929 2370 ludibrium
959 2311 1081 2394 impune

78 2409 246 2481 spreverat.
290 2394 386 2476 Igitur
400 2396 467 2478 ipso
482 2395 600 2457 rebellis
616 2394 868 2457 semiliaenomine
885 2395 1006 2477 placuit,
1026 2397 1083 2460 im·

78 2483 254 2568 positusque
269 2495 365 2556 scuto,
384 2501 467 2542 more
484 2482 588 2561 gentis,
616 2495 647 2543 et
665 2481 873 2544 sustinentium
890 2481 1021 2544 humeris
1037 2483 1082 2546 vi·

80 2569 190 2644 bratus,
206 2565 281 2630 Dux
297 2566 445 2647 deligitur.
493 2566 663 2652 Statimque
679 2567 782 2630 accitis
797 2565 901 2629 Frisiis
915 2568 1081 2650 (transrhe-

78 2673 156 2720 nana
172 2674 245 2736 gens
267 2652 329 2738 est)
347 2653 473 2716 duarum
489 2653 659 2716 cohortium
676 2653 822 2734 hyberna,
838 2655 974 2736 proxima
991 2676 1081 2718 occu·

78 2755 161 2828 patu,
185 2739 312 2802 Oceano
338 2739 484 2823 irrumpit.
530 2739 599 2801 Nee
621 2738 818 2822 praeviderant
841 2739 988 2822 impeturn
1012 2741 1082 2803 hos·

78 2829 153 2892 tium
170 2827 297 2890 milites:
328 2847 395 2901 nec,
422 2825 447 2889 si
471 2824 685 2908 previdissent,
711 2821 782 2886 satis
799 2825 903 2886 virium
920 2827 958 2887 ad
975 2847 1080 2890 arcen-

78 2915 151 2978 dum
168 2927 242 2976 erat.
288 2910 389 2993 Capta
404 2911 493 2993 igitur
508 2924 539 2972 et
562 2911 676 2992 direpta
691 2925 808 2973 castra:
837 2911 905 2972 dein
923 2932 1026 2993 vagos,
1050 2929 1082 2976 et

77 3001 160 3087 pacis
186 2999 277 3064 modo
300 2998 422 3072 effusos,
449 2997 525 3060 lixas
550 2997 808 3080 negotiatoresque
825 2994 982 3061 Romanos
997 2999 1081 3061 inva-

78 3089 163 3152 dunt.
209 3085 306 3150 Simul
322 3084 449 3148 excidiis
463 3083 655 3146 castellorum
672 3083 865 3145 imminebat:
888 3105 953 3167 quae
969 3083 1080 3146 anae·

78 3173 164 3238 fectis
179 3171 347 3236 cohortium
363 3171 486 3232 incensa
501 3185 579 3244 suut,
590 3170 657 3253 quia
670 3166 793 3231 delendi
804 3169 975 3253 nequibant.
1012 3170 1080 3252 Sig-

77 3281 118 3322 na
133 3259 305 3340 vexillaque
328 3270 359 3318 et
382 3256 462 3340 quod
490 3257 615 3318 militum
641 3255 669 3317 in
694 3255 877 3338 superiorem
897 3255 997 3318 insule
1014 3277 1080 3340 par·

77 3361 140 3410 tem
156 3356 385 3426 congregantur,
410 3341 500 3404 Duce
515 3342 649 3426 Aquilio,
666 3339 865 3424 Primipilari;
887 3363 997 3404 nornen
1016 3364 1079 3405 me·

78 3431 123 3514 gis
139 3429 299 3503 exercitiis,
316 3428 407 3512 qudrn
423 3428 521 3491 robur.
567 3427 702 3511 Quippe,
720 3429 830 3492 viribus
844 3429 1011 3492 cohortium
1028 3429 1079 3492 ah-

78 3517 186 3592 ductis,
202 3515 349 3591 Vitellius,
376 3536 393 3576 e
422 3515 565 3598 proximis
589 3513 769 3577 Nerviorum
795 3514 1079 3601 Germanorumque

78 3605 172 3690 pagis,
185 3623 309 3686 segnem
325 3623 483 3666 numerum
496 3602 583 3666 armis
599 3616 787 3665 oneraverat.

1213 943 1231 1384 l

1221 2939 1231 3340 l

1216 3434 1231 3671 l
