2508 4254
132 157 194 223 104
465 155 505 220 C.
528 154 638 222 Conn-
660 153 785 220 Tacrrr
928 156 985 240 [A.
998 155 1041 221 U.
1052 159 1137 222 822.

130 337 207 388 sent.
253 319 402 384 Hormine
417 321 456 384 ad
471 321 636 404 ingenium,
659 335 692 384 ut
707 319 851 385 Messalla
866 322 964 398 tradit,
981 345 1018 386 an
1035 324 1137 407 potior

129 423 234 480 auctor
245 407 334 477 sitC.
352 407 468 472 Plinius
484 431 533 492 qur
525 408 739 472 Antonium
732 425 859 486 recusat,
874 409 953 472 haud
970 408 1058 472 facile
1070 411 1136 474 dis-

128 496 294 560 creverim:
326 495 393 572 nisi,
420 493 500 579 qubd
527 513 627 579 neque
642 494 805 571 Antonius,
828 516 928 580 neque
952 495 1136 574 Hormus,a

129 581 210 646 sama
226 581 348 666 vitaque
363 580 428 681 suti,
444 581 581 666 quamvis
603 581 734 664 pessimo
748 581 872 664 flagitio,
894 582 1134 664 degeneravere.

128 667 225 732 Non
212 691 276 754 Jem
291 669 421 750 sanguis,
438 685 537 753 neque
561 667 684 732 vulnera
699 668 901 746 morabantur,
920 671 990 754 quin
1006 670 1135 734 subrue·

128 770 195 820 rent
211 755 334 832 vallum,
348 771 565 839 quaterentque
582 767 700 838 portes3
723 755 817 818 innixi
834 755 965 818 humeris
988 772 1019 821 et
1039 779 1135 842 super

127 841 263 906 iteratam
287 842 468 908 testudinem
490 841 682 918 scandentes,
713 856 888 941 prensarent
913 843 1044 906 hostium
1070 845 1133 910 tela

127 929 326 1014 brachiaque:
350 929 456 1011 integri
471 949 541 992 cum
556 928 675 1006 sauciis,
686 929 934 992 seminecescum
950 931 1135 1030 exspiranti·

128 1016 193 1091 bus,
211 1017 380 1094 volvuntur,
403 1013 485 1078 veriti
508 1015 698 1099 pereuntium
714 1013 812 1078 torma
835 1030 866 1080 ct
889 1017 972 1080 omni
999 1018 1133 1102 imagine

127 1110 280 1166 mortium.

171 1187 301 1252 XXlX.
336 1188 525 1252 Acerrimum
549 1189 684 1272 septimae
708 1188 862 1274 tertiaeque
885 1189 1039 1272 legionum
1062 1212 1133 1255 cer-

127 1291 227 1338 tamen
240 1297 246 1338 :
271 1291 302 1340 et
316 1274 392 1339 Dux
408 1275 570 1352 Antonius,
582 1297 653 1338 cum
665 1275 790 1340 delectis
802 1275 1007 1352 auxiliaribus,
1018 1276 1131 1342 eddcm

127 1363 313 1426 incubuerat.
359 1361 534 1426 Obstinatos
558 1363 635 1426 inter
659 1384 693 1426 se
719 1361 789 1426 crim
809 1363 957 1426 sustinere
974 1363 1131 1428 Vitelliani
1238 1427 1239 1454 ἶ

126 1449 295 1534 nequirent,
321 1463 351 1512 et
374 1448 545 1534 superjacta
570 1449 631 1512 tela
654 1449 1040 1512 testudinelaberentur·‘
1001 1473 1131 1535 ,rpsarn
1238 1469 1239 1478 ¹

128 1535 281 1622 postremi>
297 1535 455 1600 balistam
449 1559 477 1600 ιιι
489 1535 655 1600 subeuntes
672 1535 850 1620 propulere:
875 1559 951 1621 quse,
961 1552 994 1600 ut
1004 1538 1041 1600 ad
1055 1561 1131 1623 prae-

125 1645 196 1688 sens
208 1623 325 1730 disjecit
339 1623 507 1728 obruitque,
523 1644 597 1708 quos
613 1622 791 1699 inciderat,
783 1638 824 1686 rte
840 1624 945 1706 pinnas
960 1646 996 1687 ac
1011 1646 1131 1689 summa

127 1711 197 1774 valli
213 1709 299 1774 ruina
320 1710 499 1774 subtraxit:
521 1708 635 1774 simul'
622 1725 729 1795 Juncta
751 1711 839 1774 turris
862 1711 970 1774 ictibus
985 1733 1129 1776 saxorum

125 1799 234 1862 cessit:
259 1819 320 1884 qua
333 1797 492 1882 septimani
508 1796 580 1862 dum
596 1797 730 1860 nituntur
744 1797 861 1872 cuneis,
883 1801 1027 1861 tertianus
1041 1819 1131 1863 secu-

126 1885 207 1948 ribus
233 1884 398 1968 gladiisque
416 1898 530 1968 portam
560 1881 711 1967 perfregit.
758 1845 928 1946 Primilm
921 1886 1061 1968 rrrupisse
1087 1885 1131 1950 C.
1238 1949 1239 1964 ,

125 1969 296 2046 Volusium,
323 1971 416 2034 tertia
443 1969 569 2053 legionis
594 1969 768 2047 tuditem,
760 1985 838 2034 anter
862 1993 970 2034 ornnes
991 1986 1131 2036 auctores
1238 1969 1239 2000 l

126 2072 262 2122 constat:
287 2057 311 2120 is
327 2057 355 2120 in
380 2057 491 2120 vallum
514 2078 664 2138 egressus,
686 2057 851 2120 deturbetis
876 2058 926 2141 qui
947 2059 1128 2136 restiterant,

125 2146 306 2230 conspicuus
321 2166 411 2208 mauu
428 2165 463 2208 ac
480 2166 556 2206 voce
571 2150 678 2228 ‘capta
693 2142 801 2208 castra'
816 2145 1029 2208 conclamavit.
1064 2145 1130 2210 Ce-

126 2233 192 2309 teri,
212 2230 358 2316 trepidis
345 2253 409 2317 Jem
427 2229 608 2308 Vitellianis,
623 2251 719 2314 seque
733 2251 752 2292 e
768 2230 848 2294 vallo
864 2232 1129 2314 precipitantibus,

126 2340 288 2420 perrupere
302 2318 502 2468 :scompletur
522 2317 617 2395 crede,
640 2331 785 2402 quantum
810 2317 888 2382 inter
901 2331 999 2382 cestra
1014 2339 1129 2383 maros·

148 2427 185 2470 ne
203 2406 288 2470 vacui
316 2420 358 2468 urt

126 2429 146 2492 q
170 2491 283 2558 XXX.
307 2493 350 2556 At
361 2511 461 2554 rursus
476 2511 555 2554 nova
566 2489 701 2556 laborum
714 2488 826 2556 lanies:
849 2489 942 2554 ardna
954 2491 1034 2554 urbis
1049 2513 1127 2556 mm·

124 2580 185 2658 nia,
215 2599 314 2642 saxeae
340 2591 447 2655 turres,
477 2575 576 2640 ferreti
599 2591 750 2662 portarum
780 2577 894 2654 obices,
922 2577 1040 2642 vibrans
1066 2579 1127 2644 tela

124 2668 222 2743 miles,
244 2665 386 2750 frequens
407 2665 627 2750 obstrictusque
644 2661 815 2728 Vitellianis
838 2665 971 2766 partibus
997 2663 1128 2730 Cremo·

125 2755 226 2820 nensis
243 2751 382 2836 pupulus,
406 2773 515 2834 magna
539 2773 605 2835 pars
630 2750 734 2828 ltalie,
759 2766 839 2816 stato
863 2752 893 2816 in
916 2751 1042 2815 eosdem
1064 2753 1127 2818 dies

125 2854 258 2906 mercatu
274 2853 475 2923 congregata:
503 2839 582 2924 quod
599 2837 805 2902 defensoribus
820 2838 965 2902 auxilium
988 2839 1028 2902 ob
1050 2840 1127 2904 mul

124 2927 294 3004 titudinem,
309 2925 583 3012 oppugnantibus'
576 2925 802 2990 mcitemeutum
825 2925 866 2988 ob
887 2925 1029 3026 praedam,
1052 2942 1126 2991 erat

126 3014 225 3100 ‘Rapi
243 3013 335 3098 ignes’
361 3013 522 3090 Antonius,
550 3011 730 3096 ‘inferrique
752 3013 962 3077 amoenissimis
978 3028 1065 3077 extra
1079 3036 1128 3078 ur·

124 3104 194 3166 bem
212 3101 351 3166 adificiis’
363 3100 470 3186 jubet;
493 3121 518 3162 ιι
509 3099 641 3164 damno
652 3119 751 3162 rerum
767 3120 888 3162 suarum
901 3097 1126 3166 Cremonenses

123 3189 162 3254 ad
179 3189 353 3252 mutandam
366 3188 456 3252 fidem
472 3187 679 3250 traherentur:
702 3187 870 3271 pmpinqua
886 3187 977 3250 muris
993 3201 1084 3264 tecta,
1096 3203 1126 3251 et

123 3277 311 3342 altitudinem
340 3274 484 3338 moenium
512 3293 642 3354 egressa,
666 3271 827 3338 fortissimo
850 3294 972 3358 quoque
998 3273 1124 3338 militum

119 3363 280 3447 'completa
302 3361 343 3424 illi
359 3360 492 3424 trabibus
506 3360 675 3445 tegulisque
699 3373 731 3424 et
753 3359 868 3424 lacibus
891 3374 1126 3446 propugnatores

124 3450 296 3516 deturbant.

166 3533 294 3600 XXXI.
317 3532 387 3598 Jam
402 3533 537 3618 legiones
560 3534 588 3598 iu
612 3533 793 3600 testudinem
817 3533 1071 3617 glomerabantur,
1094 3548 1125 3598 et

124 3625 173 3688 alii
203 3623 263 3686 tela
284 3641 419 3706 saxaque
445 3621 641 3697 incutiebant,
664 3620 734 3684 ciam
765 3621 960 3706 languescere
984 3621 1125 3705 paulatim

125 3709 355 3774 Vitellianorum
371 3708 473 3773 animi.
519 3706 564 3772 Ut
579 3707 705 3794 quisque
728 3708 832 3774 ordine
855 3708 1000 3788 anteibat,
1015 3707 1126 3774 cedere
1238 3791 1239 3796 ἵ
