2560 4258
143 325 242 421 A·.C'
260 327 328 410 69.]
434 325 577 392 Hrsaoa.
601 325 676 392 Lm.
701 328 843 394 Patruus.
1102 331 1144 394 13

186 489 312 555 XXlll.
338 490 401 554 Sed
417 491 538 555 sceleris
553 493 695 574 cogitatio
710 493 858 556 incertum
871 513 908 556 an
925 511 1055 577 repens:
1079 508 1143 558 stu·
1199 526 1201 530 ·

142 579 191 642 dia
207 579 333 642 militnm
345 577 409 664 jam
434 579 561 665 pridem,
577 601 631 664 spe
651 581 858 656 successionis,
875 595 926 643 aut
951 597 1053 664 paratu
1071 579 1143 646 saci-

142 667 233 743 uoris,
260 665 473 743 affectaverat3
499 668 528 728 in
543 667 660 744 itinere,
688 668 717 730 iu
741 667 872 748 agmine,
898 667 928 730 in
953 669 1142 746 stationibus,

143 751 377 816 vetustissimum
394 773 546 837 quemque
571 754 697 818 rnilitum
721 755 843 816 nomine
860 775 981 831 vocans,
1008 777 1054 832 ac,
1078 777 1144 818 me·

142 841 239 903 moria
222 837 419 902 Neroniani
435 839 595 903 comitatus
606 839 831 904 contubernales
844 841 1045 947 appellandq;
1069 842 1142 906 alios

143 947 319 1010 agnoscere,
329 927 475 1031 quosdam
488 927 639 1011 requirere
651 943 681 990 et
698 927 829 1011 pecunia
843 943 894 990 aut
910 927 1005 1006 gratia
1015 928 1142 1014 juvare.

143 1013 303 1078 inserendo
329 1013 437 1098 saepihs
460 1015 597 1098 querelas
622 1030 653 1077 et
676 1015 831 1096 ambiguos
852 1015 890 1076 de
907 1014 1007 1078 Galba
1029 1037 1144 1080 sermo·

143 1121 209 1200 nes,
236 1121 362 1185 quaeque
389 1101 446 1162 alia
472 1101 661 1164 turbamenta
688 1101 780 1201 vulgi.
825 1101 998 1164 Labores
993 1103 1142 1181 itinerum,

143 1187 244 1271 inopia
259 1203 495 1263 commeatuum,
519 1188 648 1249 duritia'
641 1190 769 1270 tmperii,
796 1188 927 1252 atrocius
952 1190 1143 1272 accipieban-

144 1287 203 1348 tur,
219 1273 300 1350 chrn,
317 1273 493 1358 Campaniae
509 1274 593 1336 lacus
610 1289 640 1336 et
657 1275 780 1337 Acbaiae
797 1276 885 1337 urbes
901 1275 1045 1338 classibus
1061 1277 1143 1340 adire

144 1361 233 1438 soliti,
250 1360 431 1460 Pyrenaurn
447 1375 478 1422 et
495 1361 591 1444 Alpes
607 1375 637 1424 et
660 1361 807 1424 immensa
824 1363 937 1424 viannn
953 1363 1050 1446 spatia
1065 1364 1143 1446 aegrb

144 1447 200 1510 sub
216 1449 303 1531 arratis
319 1449 514 1510 eniterentur.

181 1532 317 1597 ·XXlV.
342 1533 588 1616 Flagrantibus
575 1555 639 1618 Jarn
667 1535 794 1596 militum
822 1535 927 1597 animis
955 1534 1038 1598 velut
1062 1535 1143 1600 laces

145 1621 300 1684 addiderat
316 1619 442 1683 Maevius
459 1619 597 1696 Pudens,
611 1643 628 1682 e
646 1623 789 1702 proximis
802 1621 957 1703 Tigellini.
1002 1623 1031 1686 Is
1048 1625 1144 1687 mobi-

143 1705 288 1771 lissimum
306 1729 457 1791 quemque
474 1708 603 1790 ingenio,
621 1722 671 1770 aut
686 1709 819 1789 pecuniae
835 1708 980 1788 indigum,
997 1725 1028 1771 et
1044 1711 1071 1770 in
1090 1732 1144 1773 no·

146 1815 198 1856 vas
214 1794 395 1876 cupiditates
411 1795 593 1877 praecipitem
611 1795 780 1870 alliciendo,
797 1793 835 1855 eb
853 1795 993 1876 paulatim
1009 1817 1145 1878 progres-

146 1901 196 1942 sus
209 1894 265 1954 est,
278 1893 310 1942 ut
324 1901 377 1962 per
387 1881 519 1963 speciem
532 1881 673 1956 convivii,
686 1883 823 1964 quotiens
837 1881 935 1944 Galba
948 1883 1027 1964 apud
1044 1882 1145 1948 Otho·

146 1987 215 2030 nem
233 1967 416 2050 epularetur,
443 1967 557 2030 cohorti
582 1967 726 2030 excubias
753 1969 851 2050 agenti
877 1969 983 2031 viritim
1000 1985 1145 2034 centenos

145 2075 286 2116 nummos
298 2053 464 2116 divideret:
490 2076 578 2137 quam
593 2055 675 2116 velut
692 2056 842 2137 publicam
860 2055 1045 2136 largitionem
1059 2057 1145 2122 Otho

145 2140 354 2203 secretioribus
370 2139 449 2224 apud
466 2141 598 2222 singulos
622 2143 749 2223 praerniis
772 2142 947 2204 intendebat
956 2165 966 2222 ;
989 2142 1066 2205 oded
1082 2145 1145 2208 aui-

59 2241 65 2250 ·
144 2249 246 2290 mosas
260 2243 427 2310 corruptor,
439 2241 472 2289 ut
485 2227 620 2290 Cocceio
636 2227 778 2306 Proculo,
794 2229 986 2312 speculatori,
1003 2229 1041 2291 de
1059 2246 1143 2312 parte

143 2315 246 2377 finium
259 2335 328 2376 curn
346 2315 444 2376 vicino
466 2316 640 2396 ambigenti,
657 2317 828 2377 universum
846 2316 934 2377 vicini
950 2337 1064 2398 agrum,
1089 2317 1145 2380 sub

145 2399 276 2486 pecunia
301 2416 426 2476 emtum,
450 2401 530 2463 dono
553 2401 687 2464 dederit:
719 2424 773 2486 per
798 2402 965 2465 socordiam
992 2401 1143 2484 Praesecti,

145 2509 235 2573 quern
252 2502 322 2550 nota
340 2489 448 2569 pariter
461 2501 492 2574 et
503 2489 624 2551 occulta
639 2487 793 2551 fallebant.
1025 2542 1027 2546 .

188 2573 298 2637 XXV.
327 2575 390 2638 Sed
416 2589 480 2636 tum
508 2575 660 2637 elibertis
686 2573 888 2638 Onomastum
911 2574 1011 2639 futuro
1036 2576 1144 2640 sceleri

145 2660 288 2746 praelecit,
304 2681 397 2746 aquo
413 2661 558 2724 Barbium
577 2661 751 2739 Proculum,
774 2661 985 2724 Tesserarium
1004 2664 1144 2747 specula·

144 2764 254 2824 torum,
270 2761 301 2811 et
318 2746 489 2824 Veturium,
506 2747 672 2830 Optionem
685 2749 862 2826 eorundem,
877 2749 1049 2831 perductos
1063 2765 1145 2850 post·

146 2856 235 2919 quam
253 2834 334 2898 vario
350 2857 488 2897 sermone
512 2835 637 2898 callidos
663 2835 854 2940 apdacesque
869 2837 1022 2918 cognovit,
1048 2838 1148 2920 pretio

145 2934 175 2985 et
185 2922 344 3021 promissis
365 2937 480 2997 onerat,
497 2921 568 2984 data
583 2923 713 3006 pecunia
697 2921 763 2984 ad
781 2923 996 3005 pertentandos
1013 2925 1144 3006 plurium

146 3009 271 3070 animos.
318 3007 489 3090 Suscepere
516 3008 577 3070 duo
607 3009 808 3090 manipulares
839 3007 1004 3092 Imperium
1031 3010 1144 3110 Populi

146 3093 279 3157 Romani
302 3093 562 3170 transferendum
596 3112 626 3159 et
651 3096 875 3158 transtulerunt.
922 3093 958 3157 ln
987 3098 1145 3160 conscien-

145 3182 217 3244 tiam
242 3180 379 3244 facinoris
406 3181 493 3264 pauci
519 3181 620 3244 asciti:
652 3203 824 3264 suspensos
835 3195 1005 3244 ceterorum
1029 3185 1144 3247 animos

146 3269 271 3332 diversis
287 3269 397 3330 artibus
412 3269 584 3330 stimulant:
611 3268 753 3351 primores
770 3269 907 3344 militum,
929 3291 983 3351 per
998 3270 1144 3334 beneficia

147 3353 327 3438 Nymphidii
344 3369 376 3417 ut
391 3369 570 3438 suspectos;
594 3355 701 3434 vulgus
717 3370 748 3418 et
763 3371 892 3434 ceteros,
904 3355 948 3418 iria
960 3370 989 3419 et
1001 3357 1145 3440 despera-

145 3443 227 3505 tione
243 3441 324 3504 dilati
341 3443 450 3506 totiens
463 3441 594 3505 donativi
605 3465 616 3517 εΔ
645 3457 739 3518 erant,
756 3465 830 3527 quos
846 3445 991 3506 memoria
1013 3443 1144 3508 Neronis

145 3549 182 3592 ac
206 3528 387 3592 desiderium
415 3530 518 3613 prioris
545 3531 671 3593 licentiae
699 3530 896 3593 accenderet:
928 3531 1144 3596 incommune

145 3637 253 3680 omnes
269 3631 351 3679 metu
370 3617 519 3680 mutandae
535 3617 646 3680 militie
662 3617 860 3680 terrebantur.

190 3700 317 3766 XXVI.
342 3701 449 3766 lnlecit
464 3725 501 3767 ea
515 3704 600 3766 tabes
617 3705 769 3786 legionum
787 3725 906 3789 quoque
922 3717 952 3766 et
965 3704 1144 3769 auxiliorum

146 3803 244 3852 motas
265 3788 329 3875 jam
354 3804 481 3898 rpentes,
503 3806 662 3876 postquam
681 3792 834 3874 vulgatum
851 3803 925 3867 erat,
949 3790 1050 3853 labare
1067 3791 1145 3855 Ger-

146 3876 255 3940 manici
271 3876 424 3942 exercitlls
439 3877 547 3942 fidem:
572 3877 710 4028 adeqque
727 3892 830 3964 parata
852 3837 933 3962 apud
956 3877 1050 3940 malos
1065 3879 1148 3941 sedi-
