<?xml version="1.0" encoding="UTF-8"?>
<!DOCTYPE html PUBLIC "-//W3C//DTD XHTML 1.0 Transitional//EN"
    "http://www.w3.org/TR/xhtml1/DTD/xhtml1-transitional.dtd">
<html xmlns="http://www.w3.org/1999/xhtml" xml:lang="en" lang="en">
 <head>
  <title>
</title>
<meta http-equiv="Content-Type" content="text/html;charset=utf-8" />
  <meta name='ocr-system' content='tesseract 3.04.00' />
  <meta name='ocr-capabilities' content='ocr_page ocr_carea ocr_par ocr_line ocrx_word'/>
</head>
<body>
  <div class='ocr_page' id='page_1' title='image "./ccorneliitaciti24tacigoog_0401.png"; bbox 0 0 2514 4318; ppageno 0'>
   <div class='ocr_carea' id='block_1_1' title="bbox 420 215 1151 298">
    <p class='ocr_par' dir='ltr' id='par_1_1' title="bbox 420 215 1151 298">
     <span class='ocr_line' id='line_1_1' title="bbox 420 215 1151 298; baseline -0.008 -10"><span class='ocrx_word' id='word_1_1' title='bbox 420 221 463 288; x_wconf 80' lang='grc' dir='ltr'>Ο.</span> <span class='ocrx_word' id='word_1_2' title='bbox 484 221 598 287; x_wconf 76' lang='lat' dir='ltr'>Corn.</span> <span class='ocrx_word' id='word_1_3' title='bbox 614 215 781 298; x_wconf 56' lang='lat' dir='ltr'>‘Tretous</span> <span class='ocrx_word' id='word_1_4' title='bbox 804 239 880 284; x_wconf 79' lang='lat' dir='ltr'>aas.</span> <span class='ocrx_word' id='word_1_5' title='bbox 1088 215 1151 283; x_wconf 80' lang='lat'>19³</span> 
     </span>
    </p>
   </div>
   <div class='ocr_carea' id='block_1_2' title="bbox 194 327 1153 468">
    <p class='ocr_par' dir='ltr' id='par_1_2' title="bbox 194 327 1153 468">
     <span class='ocr_line' id='line_1_2' title="bbox 194 327 1153 468; baseline -0.004 -16"><span class='ocrx_word' id='word_1_6' title='bbox 194 387 378 452; x_wconf 67' lang='lat' dir='ltr'>Ganuenta</span> <span class='ocrx_word' id='word_1_7' title='bbox 392 386 489 450; x_wconf 90' lang='lat' dir='ltr'>omnis</span> <span class='ocrx_word' id='word_1_8' title='bbox 504 407 521 448; x_wconf 86' lang='lat' dir='ltr'>a</span> <span class='ocrx_word' id='word_1_9' title='bbox 537 383 634 448; x_wconf 88' lang='lat' dir='ltr'>Gallis</span> <span class='ocrx_word' id='word_1_10' title='bbox 649 327 826 468; x_wconf 54' lang='lat' dir='ltr'>Rbdtisque</span> <span class='ocrx_word' id='word_1_11' title='bbox 837 397 867 446; x_wconf 91' lang='lat' dir='ltr'>et</span> <span class='ocrx_word' id='word_1_12' title='bbox 878 331 1153 448; x_wconf 65' lang='lat' dir='ltr'>PannhniisRhe·</span> 
     </span>
    </p>
   </div>
   <div class='ocr_carea' id='block_1_3' title="bbox 144 451 1252 3744">
    <p class='ocr_par' dir='ltr' id='par_1_3' title="bbox 150 451 1236 642">
     <span class='ocr_line' id='line_1_3' title="bbox 150 451 1236 556; baseline -0.007 -14"><span class='ocrx_word' id='word_1_13' title='bbox 150 497 193 548; x_wconf 49' lang='lat' dir='ltr'>¹tto</span> <span class='ocrx_word' id='word_1_14' title='bbox 222 491 253 540; x_wconf 85' lang='lat' dir='ltr'>et</span> <span class='ocrx_word' id='word_1_15' title='bbox 280 459 629 547; x_wconf 72' lang='lat' dir='ltr'>Danubtofffluminttius,</span> <span class='ocrx_word' id='word_1_16' title='bbox 654 491 672 533; x_wconf 90' lang='lat' dir='ltr'>a</span> <span class='ocrx_word' id='word_1_17' title='bbox 696 458 852 532; x_wconf 53' lang='lat' dir='ltr'>Sarmatis</span> <span class='ocrx_word' id='word_1_18' title='bbox 866 451 1020 553; x_wconf 66' lang='lat' dir='ltr'>Dacisque</span> <span class='ocrx_word' id='word_1_19' title='bbox 1044 452 1151 535; x_wconf 65' lang='lat' dir='ltr'>&#39;rr&#39;rtlltro</span> <span class='ocrx_word' id='word_1_20' title='bbox 1232 551 1236 556; x_wconf 15' lang='grc' dir='ltr'>η</span> 
     </span>
     <span class='ocr_line' id='line_1_4' title="bbox 153 534 1151 642; baseline -0.007 -15"><span class='ocrx_word' id='word_1_21' title='bbox 153 578 235 628; x_wconf 89' lang='lat' dir='ltr'>metu</span> <span class='ocrx_word' id='word_1_22' title='bbox 262 576 313 624; x_wconf 92' lang='lat' dir='ltr'>aut</span> <span class='ocrx_word' id='word_1_23' title='bbox 338 560 500 636; x_wconf 86' lang='lat' dir='ltr'>montibus,</span> <span class='ocrx_word' id='word_1_24' title='bbox 523 572 688 642; x_wconf 81' lang='lat' dir='ltr'>separatur.</span> <span class='ocrx_word' id='word_1_25' title='bbox 733 541 847 620; x_wconf 70' lang='lat' dir='ltr'>Cet&#39;e&#39;ra</span> <span class='ocrx_word' id='word_1_26' title='bbox 877 534 1021 618; x_wconf 61' lang='lat' dir='ltr'>Oce‘a&#39;nhs</span> <span class='ocrx_word' id='word_1_27' title='bbox 1047 547 1151 635; x_wconf 80' lang='lat' dir='ltr'>ar&#39;nbit,</span> 
     </span>
    </p>

    <p class='ocr_par' dir='ltr' id='par_1_4' title="bbox 153 630 1156 727">
     <span class='ocr_line' id='line_1_5' title="bbox 153 630 1156 727; baseline -0.005 -14"><span class='ocrx_word' id='word_1_28' title='bbox 153 651 229 713; x_wconf 87' lang='lat' dir='ltr'>latos</span> <span class='ocrx_word' id='word_1_29' title='bbox 244 649 325 710; x_wconf 85' lang='lat' dir='ltr'>sinus</span> <span class='ocrx_word' id='word_1_30' title='bbox 339 661 369 723; x_wconf 92' lang='lat' dir='ltr'>et</span> <span class='ocrx_word' id='word_1_31' title='bbox 385 646 547 709; x_wconf 87' lang='lat' dir='ltr'>insularum</span> <span class='ocrx_word' id='word_1_32' title='bbox 560 647 706 708; x_wconf 86' lang='lat' dir='ltr'>immensa</span> <span class='ocrx_word' id='word_1_33' title='bbox 718 643 812 726; x_wconf 89' lang='lat' dir='ltr'>spatia</span> <span class='ocrx_word' id='word_1_34' title='bbox 824 630 1042 726; x_wconf 64' lang='lat' dir='ltr'>complectens,</span> <span class='ocrx_word' id='word_1_35' title='bbox 1055 663 1156 727; x_wconf 88' lang='lat' dir='ltr'>nuper</span> 
     </span>
    </p>

    <p class='ocr_par' dir='ltr' id='par_1_5' title="bbox 152 727 1154 818">
     <span class='ocr_line' id='line_1_6' title="bbox 152 727 1154 818; baseline -0.009 -18"><span class='ocrx_word' id='word_1_36' title='bbox 152 735 281 817; x_wconf 77' lang='lat' dir='ltr'><strong>cognitis</strong></span> <span class='ocrx_word' id='word_1_37' title='bbox 297 731 475 818; x_wconf 87' lang='lat' dir='ltr'>quibusdam</span> <span class='ocrx_word' id='word_1_38' title='bbox 492 731 631 815; x_wconf 82' lang='lat' dir='ltr'>gentibus</span> <span class='ocrx_word' id='word_1_39' title='bbox 647 751 684 792; x_wconf 89' lang='lat' dir='ltr'>ac</span> <span class='ocrx_word' id='word_1_40' title='bbox 699 727 847 812; x_wconf 80' lang='lat' dir='ltr'>Regibus,</span> <span class='ocrx_word' id='word_1_41' title='bbox 860 749 935 814; x_wconf 86' lang='lat' dir='ltr'>quos</span> <span class='ocrx_word' id='word_1_42' title='bbox 951 730 1063 792; x_wconf 92' lang='lat' dir='ltr'>bellum</span> <span class='ocrx_word' id='word_1_43' title='bbox 1079 751 1154 814; x_wconf 75' lang='lat' dir='ltr'>ape-</span> 
     </span>
    </p>

    <p class='ocr_par' dir='ltr' id='par_1_6' title="bbox 153 816 1164 985">
     <span class='ocr_line' id='line_1_7' title="bbox 153 816 1164 914; baseline -0.006 -29"><span class='ocrx_word' id='word_1_44' title='bbox 153 822 222 885; x_wconf 85' lang='lat' dir='ltr'>ruit.</span> <span class='ocrx_word' id='word_1_45' title='bbox 270 819 411 895; x_wconf 83' lang='lat' dir='ltr'>Rhenus,</span> <span class='ocrx_word' id='word_1_46' title='bbox 424 817 629 881; x_wconf 84' lang='lat' dir='ltr'>Rhaeticarum</span> <span class='ocrx_word' id='word_1_47' title='bbox 646 816 943 898; x_wconf 77' lang='lat' dir='ltr'>Alpinm&#39;lnaccesso</span> <span class='ocrx_word' id='word_1_48' title='bbox 958 837 993 878; x_wconf 89' lang='lat' dir='ltr'>ac</span> <span class='ocrx_word' id='word_1_49' title='bbox 1011 817 1164 914; x_wconf 76' lang='lat' dir='ltr'>precipiti¹</span> 
     </span>
     <span class='ocr_line' id='line_1_8' title="bbox 154 901 1155 985; baseline -0.004 -15"><span class='ocrx_word' id='word_1_50' title='bbox 154 907 268 970; x_wconf 79' lang='lat' dir='ltr'>vertice</span> <span class='ocrx_word' id='word_1_51' title='bbox 283 920 377 983; x_wconf 89' lang='lat' dir='ltr'>ortus,</span> <span class='ocrx_word' id='word_1_52' title='bbox 394 905 514 968; x_wconf 91' lang='lat' dir='ltr'>modico</span> <span class='ocrx_word' id='word_1_53' title='bbox 529 903 611 966; x_wconf 83' lang='lat' dir='ltr'>flexu</span> <span class='ocrx_word' id='word_1_54' title='bbox 636 903 664 965; x_wconf 92' lang='lat' dir='ltr'>in</span> <span class='ocrx_word' id='word_1_55' title='bbox 682 901 883 964; x_wconf 78' lang='lat' dir='ltr'>Occidentem</span> <span class='ocrx_word' id='word_1_56' title='bbox 901 923 1015 985; x_wconf 76' lang='lat' dir='ltr'>versus,</span> <span class='ocrx_word' id='word_1_57' title='bbox 1032 906 1155 985; x_wconf 77' lang='lat' dir='ltr'>septen·</span> 
     </span>
    </p>

    <p class='ocr_par' dir='ltr' id='par_1_7' title="bbox 152 975 1157 1066">
     <span class='ocr_line' id='line_1_9' title="bbox 152 975 1157 1066; baseline -0.004 -10"><span class='ocrx_word' id='word_1_58' title='bbox 152 993 268 1056; x_wconf 83' lang='lat' dir='ltr'>trionali</span> <span class='ocrx_word' id='word_1_59' title='bbox 285 977 412 1055; x_wconf 74' lang='lat' dir='ltr'>Oceabo</span> <span class='ocrx_word' id='word_1_60' title='bbox 434 975 586 1055; x_wconf 66' lang='lat' dir='ltr'>miscetrff.</span> <span class='ocrx_word' id='word_1_61' title='bbox 633 988 803 1066; x_wconf 85' lang='lat' dir='ltr'>Danubius,</span> <span class='ocrx_word' id='word_1_62' title='bbox 828 989 910 1050; x_wconf 90' lang='lat' dir='ltr'>tnolli</span> <span class='ocrx_word' id='word_1_63' title='bbox 935 1003 965 1051; x_wconf 89' lang='lat' dir='ltr'>et</span> <span class='ocrx_word' id='word_1_64' title='bbox 987 989 1157 1052; x_wconf 84' lang='lat' dir='ltr'>clementer·</span> 
     </span>
    </p>

    <p class='ocr_par' dir='ltr' id='par_1_8' title="bbox 144 1061 1153 1162">
     <span class='ocr_line' id='line_1_10' title="bbox 144 1061 1153 1162; baseline -0.003 -21"><span class='ocrx_word' id='word_1_65' title='bbox 144 1080 236 1142; x_wconf 78' lang='lat' dir='ltr'>edito</span> <span class='ocrx_word' id='word_1_66' title='bbox 262 1081 371 1140; x_wconf 90' lang='lat' dir='ltr'>montis</span> <span class='ocrx_word' id='word_1_67' title='bbox 394 1061 532 1140; x_wconf 69' lang='lat' dir='ltr'>Abidbae</span> <span class='ocrx_word' id='word_1_68' title='bbox 551 1076 626 1162; x_wconf 81' lang='lat' dir='ltr'>jugo</span> <span class='ocrx_word' id='word_1_69' title='bbox 649 1075 773 1152; x_wconf 87' lang='lat' dir='ltr'>effusus,</span> <span class='ocrx_word' id='word_1_70' title='bbox 798 1075 900 1159; x_wconf 88' lang='lat' dir='ltr'>plures</span> <span class='ocrx_word' id='word_1_71' title='bbox 922 1075 1049 1159; x_wconf 91' lang='lat' dir='ltr'>populos</span> <span class='ocrx_word' id='word_1_72' title='bbox 1079 1077 1153 1153; x_wconf 90' lang='lat' dir='ltr'>adit,</span> 
     </span>
    </p>

    <p class='ocr_par' dir='ltr' id='par_1_9' title="bbox 153 1162 1155 1246">
     <span class='ocr_line' id='line_1_11' title="bbox 153 1162 1155 1246; baseline -0.003 -18"><span class='ocrx_word' id='word_1_73' title='bbox 153 1166 252 1228; x_wconf 87' lang='lat' dir='ltr'>donec</span> <span class='ocrx_word' id='word_1_74' title='bbox 264 1166 292 1226; x_wconf 95' lang='lat' dir='ltr'>in</span> <span class='ocrx_word' id='word_1_75' title='bbox 309 1165 472 1228; x_wconf 88' lang='lat' dir='ltr'>Ponticum</span> <span class='ocrx_word' id='word_1_76' title='bbox 489 1185 570 1226; x_wconf 89' lang='lat' dir='ltr'>mare</span> <span class='ocrx_word' id='word_1_77' title='bbox 585 1183 641 1224; x_wconf 87' lang='lat' dir='ltr'>sex</span> <span class='ocrx_word' id='word_1_78' title='bbox 652 1162 800 1224; x_wconf 82' lang='lat' dir='ltr'>meatibus</span> <span class='ocrx_word' id='word_1_79' title='bbox 816 1163 966 1246; x_wconf 82' lang='lat' dir='ltr'>erumpit:</span> <span class='ocrx_word' id='word_1_80' title='bbox 990 1163 1155 1246; x_wconf 87' lang='lat' dir='ltr'>septimum</span> 
     </span>
    </p>

    <p class='ocr_par' dir='ltr' id='par_1_10' title="bbox 153 1236 618 1335">
     <span class='ocr_line' id='line_1_12' title="bbox 153 1236 618 1335; baseline -0.006 -22"><span class='ocrx_word' id='word_1_81' title='bbox 153 1251 233 1313; x_wconf 87' lang='lat' dir='ltr'>enim</span> <span class='ocrx_word' id='word_1_82' title='bbox 250 1272 284 1312; x_wconf 91' lang='lat' dir='ltr'>os</span> <span class='ocrx_word' id='word_1_83' title='bbox 301 1251 458 1335; x_wconf 89' lang='lat' dir='ltr'>paludibus</span> <span class='ocrx_word' id='word_1_84' title='bbox 475 1236 618 1312; x_wconf 78' lang='lat' dir='ltr'>haulitur.</span> 
     </span>
    </p>

    <p class='ocr_par' dir='ltr' id='par_1_11' title="bbox 152 1332 1252 3216">
     <span class='ocr_line' id='line_1_13' title="bbox 196 1332 1155 1419; baseline 0 -20"><span class='ocrx_word' id='word_1_85' title='bbox 196 1335 239 1399; x_wconf 92' lang='lat' dir='ltr'>ll.</span> <span class='ocrx_word' id='word_1_86' title='bbox 263 1332 350 1419; x_wconf 81' lang='lat' dir='ltr'>Ipsos</span> <span class='ocrx_word' id='word_1_87' title='bbox 380 1337 549 1400; x_wconf 87' lang='lat' dir='ltr'>Germanos</span> <span class='ocrx_word' id='word_1_88' title='bbox 572 1335 727 1418; x_wconf 85' lang='lat' dir='ltr'>indigenas</span> <span class='ocrx_word' id='word_1_89' title='bbox 748 1334 938 1410; x_wconf 84' lang='lat' dir='ltr'><strong>crediderim,</strong></span> <span class='ocrx_word' id='word_1_90' title='bbox 968 1333 1155 1419; x_wconf 72' lang='lat' dir='ltr'>minimeque</span> 
     </span>
     <span class='ocr_line' id='line_1_14' title="bbox 153 1402 1173 1504; baseline -0.002 -19"><span class='ocrx_word' id='word_1_91' title='bbox 153 1423 276 1486; x_wconf 90' lang='lat' dir='ltr'>aliarum</span> <span class='ocrx_word' id='word_1_92' title='bbox 297 1423 432 1504; x_wconf 82' lang='lat' dir='ltr'>gentium</span> <span class='ocrx_word' id='word_1_93' title='bbox 449 1405 628 1484; x_wconf 78' lang='lat' dir='ltr'>adventib‘ds</span> <span class='ocrx_word' id='word_1_94' title='bbox 647 1435 677 1482; x_wconf 88' lang='lat' dir='ltr'>et</span> <span class='ocrx_word' id='word_1_95' title='bbox 702 1421 835 1503; x_wconf 85' lang='lat' dir='ltr'>hospitiis</span> <span class='ocrx_word' id='word_1_96' title='bbox 859 1421 989 1499; x_wconf 84' lang='lat' dir='ltr'>mixtos3</span> <span class='ocrx_word' id='word_1_97' title='bbox 1013 1422 1082 1504; x_wconf 88' lang='lat' dir='ltr'>quia</span> <span class='ocrx_word' id='word_1_98' title='bbox 1098 1402 1173 1484; x_wconf 54' lang='lat' dir='ltr'>neos</span> 
     </span>
     <span class='ocr_line' id='line_1_15' title="bbox 152 1489 1156 1592; baseline -0.002 -21"><span class='ocrx_word' id='word_1_99' title='bbox 152 1508 234 1571; x_wconf 74' lang='lat' dir='ltr'>terrb</span> <span class='ocrx_word' id='word_1_100' title='bbox 248 1509 331 1586; x_wconf 88' lang='lat' dir='ltr'>olim,</span> <span class='ocrx_word' id='word_1_101' title='bbox 347 1509 401 1592; x_wconf 84' lang='lat' dir='ltr'>sed</span> <span class='ocrx_word' id='word_1_102' title='bbox 423 1489 579 1581; x_wconf 84' lang='lat' dir='ltr'>classibds,</span> <span class='ocrx_word' id='word_1_103' title='bbox 603 1507 841 1581; x_wconf 81' lang='lat' dir='ltr'>advehebantur,</span> <span class='ocrx_word' id='word_1_104' title='bbox 858 1507 908 1590; x_wconf 93' lang='lat' dir='ltr'>qui</span> <span class='ocrx_word' id='word_1_105' title='bbox 933 1521 1049 1568; x_wconf 86' lang='lat' dir='ltr'>mutare</span> <span class='ocrx_word' id='word_1_106' title='bbox 1065 1507 1156 1570; x_wconf 86' lang='lat' dir='ltr'>sedes</span> 
     </span>
     <span class='ocr_line' id='line_1_16' title="bbox 154 1589 1158 1678; baseline -0.001 -22"><span class='ocrx_word' id='word_1_107' title='bbox 154 1596 326 1678; x_wconf 76' lang='lat' dir='ltr'>querebant</span> <span class='ocrx_word' id='word_1_108' title='bbox 340 1615 347 1656; x_wconf 90' lang='lat'>:</span> <span class='ocrx_word' id='word_1_109' title='bbox 372 1589 403 1656; x_wconf 86' lang='lat' dir='ltr'>et</span> <span class='ocrx_word' id='word_1_110' title='bbox 413 1595 576 1655; x_wconf 90' lang='lat' dir='ltr'>immensus</span> <span class='ocrx_word' id='word_1_111' title='bbox 588 1591 676 1667; x_wconf 76' lang='lat' dir='ltr'>ultra,</span> <span class='ocrx_word' id='word_1_112' title='bbox 692 1607 786 1675; x_wconf 89' lang='lat' dir='ltr'>utque</span> <span class='ocrx_word' id='word_1_113' title='bbox 802 1593 845 1654; x_wconf 91' lang='lat' dir='ltr'>sic</span> <span class='ocrx_word' id='word_1_114' title='bbox 857 1593 997 1665; x_wconf 81' lang='lat' dir='ltr'>dixerim,</span> <span class='ocrx_word' id='word_1_115' title='bbox 1010 1593 1158 1656; x_wconf 85' lang='lat' dir='ltr'>adversus</span> 
     </span>
     <span class='ocr_line' id='line_1_17' title="bbox 153 1666 1156 1761; baseline 0 -20"><span class='ocrx_word' id='word_1_116' title='bbox 153 1679 299 1742; x_wconf 79' lang='lat' dir='ltr'>Oceanus</span> <span class='ocrx_word' id='word_1_117' title='bbox 315 1679 386 1740; x_wconf 86' lang='lat' dir='ltr'>raris</span> <span class='ocrx_word' id='word_1_118' title='bbox 402 1679 528 1740; x_wconf 84' lang='lat' dir='ltr'>chorbe</span> <span class='ocrx_word' id='word_1_119' title='bbox 553 1696 651 1740; x_wconf 89' lang='lat' dir='ltr'>nostro</span> <span class='ocrx_word' id='word_1_120' title='bbox 667 1679 791 1738; x_wconf 85' lang='lat' dir='ltr'>navibus</span> <span class='ocrx_word' id='word_1_121' title='bbox 807 1678 915 1739; x_wconf 89' lang='lat' dir='ltr'>aditur.</span> <span class='ocrx_word' id='word_1_122' title='bbox 960 1666 1041 1752; x_wconf 71' lang='lat' dir='ltr'>Quis</span> <span class='ocrx_word' id='word_1_123' title='bbox 1057 1699 1156 1761; x_wconf 89' lang='lat' dir='ltr'>porro,</span> 
     </span>
     <span class='ocr_line' id='line_1_18' title="bbox 155 1763 1252 1848; baseline 0.004 -22"><span class='ocrx_word' id='word_1_124' title='bbox 155 1779 263 1848; x_wconf 77' lang='lat' dir='ltr'>preter</span> <span class='ocrx_word' id='word_1_125' title='bbox 277 1765 442 1846; x_wconf 85' lang='lat' dir='ltr'>periculum</span> <span class='ocrx_word' id='word_1_126' title='bbox 466 1763 575 1824; x_wconf 87' lang='lat' dir='ltr'><strong>horridi</strong></span> <span class='ocrx_word' id='word_1_127' title='bbox 600 1776 632 1823; x_wconf 93' lang='lat' dir='ltr'>et</span> <span class='ocrx_word' id='word_1_128' title='bbox 654 1763 746 1845; x_wconf 83' lang='lat' dir='ltr'>ignoti</span> <span class='ocrx_word' id='word_1_129' title='bbox 771 1763 969 1839; x_wconf 55' lang='lat' dir='ltr'>mariensis</span> <span class='ocrx_word' id='word_1_130' title='bbox 987 1780 1037 1827; x_wconf 88' lang='lat' dir='ltr'>aut</span> <span class='ocrx_word' id='word_1_131' title='bbox 1054 1764 1158 1830; x_wconf 76' lang='lat' dir='ltr'>Africei</span> <span class='ocrx_word' id='word_1_132' title='bbox 1251 1825 1252 1830; x_wconf 73' lang='grc'>,</span> 
     </span>
     <span class='ocr_line' id='line_1_19' title="bbox 153 1829 1162 1932; baseline 0.002 -20"><span class='ocrx_word' id='word_1_133' title='bbox 153 1864 206 1912; x_wconf 86' lang='lat' dir='ltr'>aut</span> <span class='ocrx_word' id='word_1_134' title='bbox 231 1849 318 1913; x_wconf 72' lang='lat' dir='ltr'>ltalia</span> <span class='ocrx_word' id='word_1_135' title='bbox 346 1831 461 1923; x_wconf 73' lang='lat' dir='ltr'>relidtd,</span> <span class='ocrx_word' id='word_1_136' title='bbox 486 1847 681 1910; x_wconf 84' lang='lat' dir='ltr'>Germaniam</span> <span class='ocrx_word' id='word_1_137' title='bbox 708 1829 850 1932; x_wconf 71' lang='lat' dir='ltr'>peter&#39;eti</span> <span class='ocrx_word' id='word_1_138' title='bbox 874 1847 1031 1914; x_wconf 75' lang='lat' dir='ltr'>informem</span> <span class='ocrx_word' id='word_1_139' title='bbox 1060 1845 1162 1930; x_wconf 62' lang='lat' dir='ltr'>terris}</span> 
     </span>
     <span class='ocr_line' id='line_1_20' title="bbox 154 1921 1155 2020; baseline 0.003 -22"><span class='ocrx_word' id='word_1_140' title='bbox 154 1956 294 2018; x_wconf 78' lang='lat' dir='ltr'>asperam</span> <span class='ocrx_word' id='word_1_141' title='bbox 310 1935 401 2010; x_wconf 89' lang='lat' dir='ltr'>coelo,</span> <span class='ocrx_word' id='word_1_142' title='bbox 417 1935 530 1998; x_wconf 89' lang='lat' dir='ltr'>tristem</span> <span class='ocrx_word' id='word_1_143' title='bbox 552 1934 636 1998; x_wconf 89' lang='lat' dir='ltr'>cultu</span> <span class='ocrx_word' id='word_1_144' title='bbox 657 1950 853 2019; x_wconf 89' lang='lat' dir='ltr'>aspectuque,</span> <span class='ocrx_word' id='word_1_145' title='bbox 870 1921 964 1998; x_wconf 54' lang='lat' dir='ltr'>nisisi</span> <span class='ocrx_word' id='word_1_146' title='bbox 990 1938 1084 2020; x_wconf 77' lang='lat' dir='ltr'>patrie</span> <span class='ocrx_word' id='word_1_147' title='bbox 1104 1939 1155 2001; x_wconf 90' lang='lat' dir='ltr'>sit.</span> 
     </span>
     <span class='ocr_line' id='line_1_21' title="bbox 155 2003 1158 2106; baseline 0.002 -22"><span class='ocrx_word' id='word_1_148' title='bbox 155 2020 321 2087; x_wconf 86' lang='lat' dir='ltr'>Celebrant</span> <span class='ocrx_word' id='word_1_149' title='bbox 337 2021 517 2084; x_wconf 85' lang='lat' dir='ltr'>carminibus</span> <span class='ocrx_word' id='word_1_150' title='bbox 532 2021 659 2105; x_wconf 82' lang='lat' dir='ltr'>antiquis</span> <span class='ocrx_word' id='word_1_151' title='bbox 676 2003 774 2106; x_wconf 71' lang='lat' dir='ltr'>(quihd</span> <span class='ocrx_word' id='word_1_152' title='bbox 798 2043 891 2084; x_wconf 91' lang='lat' dir='ltr'>unum</span> <span class='ocrx_word' id='word_1_153' title='bbox 908 2022 986 2106; x_wconf 90' lang='lat' dir='ltr'>apud</span> <span class='ocrx_word' id='word_1_154' title='bbox 1010 2023 1075 2086; x_wconf 90' lang='lat' dir='ltr'>illos</span> <span class='ocrx_word' id='word_1_155' title='bbox 1092 2045 1158 2087; x_wconf 87' lang='lat' dir='ltr'>me·</span> 
     </span>
     <span class='ocr_line' id='line_1_22' title="bbox 154 2107 1156 2189; baseline 0.003 -20"><span class='ocrx_word' id='word_1_156' title='bbox 154 2108 254 2170; x_wconf 82' lang='lat' dir='ltr'>moriae</span> <span class='ocrx_word' id='word_1_157' title='bbox 278 2120 309 2169; x_wconf 93' lang='lat' dir='ltr'>et</span> <span class='ocrx_word' id='word_1_158' title='bbox 332 2107 483 2169; x_wconf 90' lang='lat' dir='ltr'>annalium</span> <span class='ocrx_word' id='word_1_159' title='bbox 510 2129 605 2188; x_wconf 84' lang='lat' dir='ltr'>genus</span> <span class='ocrx_word' id='word_1_160' title='bbox 629 2113 688 2189; x_wconf 85' lang='lat' dir='ltr'>est)</span> <span class='ocrx_word' id='word_1_161' title='bbox 712 2107 921 2171; x_wconf 89' lang='lat' dir='ltr'>‘Tuisconem</span> <span class='ocrx_word' id='word_1_162' title='bbox 945 2108 1059 2186; x_wconf 92' lang='lat' dir='ltr'>Deum,</span> <span class='ocrx_word' id='word_1_163' title='bbox 1076 2109 1156 2173; x_wconf 73' lang='lat' dir='ltr'>tend</span> 
     </span>
     <span class='ocr_line' id='line_1_23' title="bbox 154 2181 1156 2278; baseline 0.002 -22"><span class='ocrx_word' id='word_1_164' title='bbox 154 2193 279 2270; x_wconf 89' lang='lat' dir='ltr'>editum,</span> <span class='ocrx_word' id='word_1_165' title='bbox 300 2194 436 2256; x_wconf 88' lang='lat' dir='ltr'>etlilium</span> <span class='ocrx_word' id='word_1_166' title='bbox 460 2192 619 2269; x_wconf 88' lang='lat' dir='ltr'>Mannum,</span> <span class='ocrx_word' id='word_1_167' title='bbox 633 2181 779 2276; x_wconf 59' lang='lat' dir='ltr'>originein</span> <span class='ocrx_word' id='word_1_168' title='bbox 801 2196 897 2274; x_wconf 75' lang='lat' dir='ltr'>gentis</span> <span class='ocrx_word' id='word_1_169' title='bbox 912 2196 1156 2278; x_wconf 86' lang='lat' dir='ltr'>conditoresque.</span> 
     </span>
     <span class='ocr_line' id='line_1_24' title="bbox 153 2277 1155 2365; baseline 0.003 -24"><span class='ocrx_word' id='word_1_170' title='bbox 153 2278 269 2342; x_wconf 87' lang='lat' dir='ltr'>Manno</span> <span class='ocrx_word' id='word_1_171' title='bbox 284 2294 345 2342; x_wconf 88' lang='lat' dir='ltr'>tres</span> <span class='ocrx_word' id='word_1_172' title='bbox 361 2277 446 2342; x_wconf 86' lang='lat' dir='ltr'>lilios&#39;</span> <span class='ocrx_word' id='word_1_173' title='bbox 461 2281 622 2362; x_wconf 85' lang='lat' dir='ltr'>assignant,</span> <span class='ocrx_word' id='word_1_174' title='bbox 635 2287 673 2341; x_wconf 83' lang='lat' dir='ltr'>‘e</span> <span class='ocrx_word' id='word_1_175' title='bbox 690 2301 816 2365; x_wconf 90' lang='lat' dir='ltr'>quorum</span> <span class='ocrx_word' id='word_1_176' title='bbox 835 2281 1004 2344; x_wconf 89' lang='lat' dir='ltr'>nominibus</span> <span class='ocrx_word' id='word_1_177' title='bbox 1026 2281 1155 2364; x_wconf 84' lang='lat' dir='ltr'>proximi</span> 
     </span>
     <span class='ocr_line' id='line_1_25' title="bbox 153 2341 1155 2449; baseline 0.004 -23"><span class='ocrx_word' id='word_1_178' title='bbox 153 2347 283 2428; x_wconf 65' lang='lat' dir='ltr'>Ocearm</span> <span class='ocrx_word' id='word_1_179' title='bbox 306 2366 493 2449; x_wconf 79' lang='lat' dir='ltr'>lngaevones‚</span> <span class='ocrx_word' id='word_1_180' title='bbox 521 2365 611 2428; x_wconf 88' lang='lat' dir='ltr'>medii</span> <span class='ocrx_word' id='word_1_181' title='bbox 643 2341 836 2442; x_wconf 77' lang='lat' dir='ltr'>Hermidlres,</span> <span class='ocrx_word' id='word_1_182' title='bbox 867 2369 959 2430; x_wconf 88' lang='lat' dir='ltr'>ceteri</span> <span class='ocrx_word' id='word_1_183' title='bbox 991 2367 1155 2430; x_wconf 80' lang='lat' dir='ltr'>lstaevones</span> 
     </span>
     <span class='ocr_line' id='line_1_26' title="bbox 152 2436 1252 2536; baseline 0.005 -22"><span class='ocrx_word' id='word_1_184' title='bbox 152 2436 319 2516; x_wconf 68' lang='lat' dir='ltr'>vocentbr!</span> <span class='ocrx_word' id='word_1_185' title='bbox 366 2451 500 2526; x_wconf 81' lang='lat' dir='ltr'>Quidam</span> <span class='ocrx_word' id='word_1_186' title='bbox 514 2468 625 2527; x_wconf 91' lang='lat' dir='ltr'>antem,</span> <span class='ocrx_word' id='word_1_187' title='bbox 636 2451 756 2516; x_wconf 81' lang='lat' dir='ltr'>licentiri</span> <span class='ocrx_word' id='word_1_188' title='bbox 768 2454 933 2530; x_wconf 88' lang='lat' dir='ltr'>vetustatis,</span> <span class='ocrx_word' id='word_1_189' title='bbox 949 2459 958 2490; x_wconf 88' lang='lat'>‘</span> <span class='ocrx_word' id='word_1_190' title='bbox 972 2453 1071 2536; x_wconf 88' lang='lat' dir='ltr'>plures</span> <span class='ocrx_word' id='word_1_191' title='bbox 1084 2453 1157 2518; x_wconf 91' lang='lat' dir='ltr'>Deo</span> <span class='ocrx_word' id='word_1_192' title='bbox 1251 2513 1252 2520; x_wconf 72' lang='grc'>,</span> 
     </span>
     <span class='ocr_line' id='line_1_27' title="bbox 152 2538 1154 2622; baseline 0.005 -22"><span class='ocrx_word' id='word_1_193' title='bbox 152 2553 232 2601; x_wconf 89' lang='lat' dir='ltr'>ortos</span> <span class='ocrx_word' id='word_1_194' title='bbox 250 2539 411 2622; x_wconf 87' lang='lat' dir='ltr'>pluresque</span> <span class='ocrx_word' id='word_1_195' title='bbox 433 2539 529 2619; x_wconf 86' lang='lat' dir='ltr'>gentis</span> <span class='ocrx_word' id='word_1_196' title='bbox 552 2538 781 2622; x_wconf 81' lang='lat' dir='ltr'>appellationes,</span> <span class='ocrx_word' id='word_1_197' title='bbox 803 2539 931 2616; x_wconf 88' lang='lat' dir='ltr'>Marsos,</span> <span class='ocrx_word' id='word_1_198' title='bbox 953 2539 1154 2618; x_wconf 88' lang='lat' dir='ltr'>Gambrivios,</span> 
     </span>
     <span class='ocr_line' id='line_1_28' title="bbox 152 2623 1252 2710; baseline 0.004 -24"><span class='ocrx_word' id='word_1_199' title='bbox 152 2623 281 2700; x_wconf 83' lang='lat' dir='ltr'>Suevos,</span> <span class='ocrx_word' id='word_1_200' title='bbox 299 2623 475 2688; x_wconf 86' lang='lat' dir='ltr'>Vandalios&#39;</span> <span class='ocrx_word' id='word_1_201' title='bbox 492 2626 656 2688; x_wconf 85' lang='lat' dir='ltr'>affirmant:</span> <span class='ocrx_word' id='word_1_202' title='bbox 682 2633 802 2710; x_wconf 88' lang='lat' dir='ltr'>‘eaque</span> <span class='ocrx_word' id='word_1_203' title='bbox 818 2647 888 2688; x_wconf 85' lang='lat' dir='ltr'>vera</span> <span class='ocrx_word' id='word_1_204' title='bbox 911 2641 941 2689; x_wconf 90' lang='lat' dir='ltr'>et</span> <span class='ocrx_word' id='word_1_205' title='bbox 963 2627 1082 2710; x_wconf 86' lang='lat' dir='ltr'>antiqua</span> <span class='ocrx_word' id='word_1_206' title='bbox 1100 2649 1156 2690; x_wconf 76' lang='lat' dir='ltr'>no·</span> <span class='ocrx_word' id='word_1_207' title='bbox 1245 2703 1252 2710; x_wconf 64' lang='lat'><em>„</em></span> 
     </span>
     <span class='ocr_line' id='line_1_29' title="bbox 153 2709 1156 2794; baseline 0.003 -22"><span class='ocrx_word' id='word_1_208' title='bbox 153 2711 244 2772; x_wconf 86' lang='lat' dir='ltr'>mina.</span> <span class='ocrx_word' id='word_1_209' title='bbox 290 2709 436 2774; x_wconf 77' lang='lat' dir='ltr'>Ceterum</span> <span class='ocrx_word' id='word_1_210' title='bbox 460 2709 631 2772; x_wconf 86' lang='lat' dir='ltr'>Germaniae</span> <span class='ocrx_word' id='word_1_211' title='bbox 658 2712 838 2774; x_wconf 89' lang='lat' dir='ltr'>vocabulum</span> <span class='ocrx_word' id='word_1_212' title='bbox 860 2731 967 2774; x_wconf 87' lang='lat' dir='ltr'>recens</span> <span class='ocrx_word' id='word_1_213' title='bbox 996 2727 1026 2774; x_wconf 86' lang='lat' dir='ltr'>et</span> <span class='ocrx_word' id='word_1_214' title='bbox 1058 2733 1156 2794; x_wconf 87' lang='lat' dir='ltr'>nuper</span> 
     </span>
     <span class='ocr_line' id='line_1_30' title="bbox 152 2779 1155 2880; baseline 0.004 -22"><span class='ocrx_word' id='word_1_215' title='bbox 152 2795 309 2872; x_wconf 84' lang='lat' dir='ltr'>additum3</span> <span class='ocrx_word' id='word_1_216' title='bbox 333 2797 485 2880; x_wconf 90' lang='lat' dir='ltr'>quoniam,</span> <span class='ocrx_word' id='word_1_217' title='bbox 502 2798 552 2879; x_wconf 91' lang='lat' dir='ltr'>qui</span> <span class='ocrx_word' id='word_1_218' title='bbox 570 2779 666 2878; x_wconf 73' lang='lat' dir='ltr'>primi</span> <span class='ocrx_word' id='word_1_219' title='bbox 681 2797 826 2858; x_wconf 88' lang='lat' dir='ltr'>Rhenum</span> <span class='ocrx_word' id='word_1_220' title='bbox 854 2798 1027 2876; x_wconf 84' lang='lat' dir='ltr'>transgressi</span> <span class='ocrx_word' id='word_1_221' title='bbox 1049 2797 1155 2862; x_wconf 81' lang='lat' dir='ltr'>Gallos</span> 
     </span>
     <span class='ocr_line' id='line_1_31' title="bbox 153 2880 1153 2966; baseline 0.004 -22"><span class='ocrx_word' id='word_1_222' title='bbox 153 2883 334 2966; x_wconf 87' lang='lat' dir='ltr'>expulerint,</span> <span class='ocrx_word' id='word_1_223' title='bbox 357 2904 406 2959; x_wconf 90' lang='lat' dir='ltr'>ac,</span> <span class='ocrx_word' id='word_1_224' title='bbox 429 2903 510 2944; x_wconf 89' lang='lat' dir='ltr'>nunc</span> <span class='ocrx_word' id='word_1_225' title='bbox 530 2881 659 2960; x_wconf 80' lang='lat' dir='ltr'>Tungri,</span> <span class='ocrx_word' id='word_1_226' title='bbox 682 2896 755 2943; x_wconf 89' lang='lat' dir='ltr'>tuuc</span> <span class='ocrx_word' id='word_1_227' title='bbox 779 2880 924 2942; x_wconf 88' lang='lat' dir='ltr'>Germani</span> <span class='ocrx_word' id='word_1_228' title='bbox 948 2883 1044 2946; x_wconf 88' lang='lat' dir='ltr'>vocati</span> <span class='ocrx_word' id='word_1_229' title='bbox 1074 2884 1153 2947; x_wconf 87' lang='lat' dir='ltr'>sint:</span> 
     </span>
     <span class='ocr_line' id='line_1_32' title="bbox 152 2949 1156 3049; baseline 0.001 -19"><span class='ocrx_word' id='word_1_230' title='bbox 152 2968 192 3032; x_wconf 89' lang='lat' dir='ltr'>ita</span> <span class='ocrx_word' id='word_1_231' title='bbox 206 2969 333 3030; x_wconf 90' lang='lat' dir='ltr'>nationis</span> <span class='ocrx_word' id='word_1_232' title='bbox 349 2989 460 3028; x_wconf 90' lang='lat' dir='ltr'>nomen</span> <span class='ocrx_word' id='word_1_233' title='bbox 484 2967 513 3028; x_wconf 92' lang='lat' dir='ltr'>in</span> <span class='ocrx_word' id='word_1_234' title='bbox 530 2989 640 3028; x_wconf 91' lang='lat' dir='ltr'>nomen</span> <span class='ocrx_word' id='word_1_235' title='bbox 665 2968 762 3047; x_wconf 84' lang='lat' dir='ltr'>gentis</span> <span class='ocrx_word' id='word_1_236' title='bbox 784 2949 938 3028; x_wconf 73' lang='lat' dir='ltr'>evaluissd</span> <span class='ocrx_word' id='word_1_237' title='bbox 953 2967 1104 3049; x_wconf 87' lang='lat' dir='ltr'>paulatim,</span> <span class='ocrx_word' id='word_1_238' title='bbox 1122 2984 1156 3034; x_wconf 90' lang='lat' dir='ltr'>ut</span> 
     </span>
     <span class='ocr_line' id='line_1_33' title="bbox 153 3051 1154 3137; baseline 0.002 -21"><span class='ocrx_word' id='word_1_239' title='bbox 153 3075 269 3130; x_wconf 90' lang='lat' dir='ltr'>omnes,</span> <span class='ocrx_word' id='word_1_240' title='bbox 287 3053 415 3137; x_wconf 86' lang='lat' dir='ltr'>primirm</span> <span class='ocrx_word' id='word_1_241' title='bbox 432 3073 448 3114; x_wconf 91' lang='lat' dir='ltr'>a</span> <span class='ocrx_word' id='word_1_242' title='bbox 464 3053 576 3114; x_wconf 89' lang='lat' dir='ltr'>victore</span> <span class='ocrx_word' id='word_1_243' title='bbox 591 3054 631 3114; x_wconf 91' lang='lat' dir='ltr'>ob</span> <span class='ocrx_word' id='word_1_244' title='bbox 648 3067 772 3128; x_wconf 90' lang='lat' dir='ltr'>metum,</span> <span class='ocrx_word' id='word_1_245' title='bbox 789 3073 861 3115; x_wconf 82' lang='lat' dir='ltr'>mox</span> <span class='ocrx_word' id='word_1_246' title='bbox 877 3072 895 3114; x_wconf 90' lang='lat' dir='ltr'>a</span> <span class='ocrx_word' id='word_1_247' title='bbox 910 3051 1015 3136; x_wconf 90' lang='lat' dir='ltr'>seipsis</span> <span class='ocrx_word' id='word_1_248' title='bbox 1031 3053 1154 3118; x_wconf 87' lang='lat' dir='ltr'>invento</span> 
     </span>
     <span class='ocr_line' id='line_1_34' title="bbox 152 3137 777 3216; baseline 0 -15"><span class='ocrx_word' id='word_1_249' title='bbox 152 3141 286 3215; x_wconf 89' lang='lat' dir='ltr'>nomine,</span> <span class='ocrx_word' id='word_1_250' title='bbox 307 3137 454 3200; x_wconf 82' lang='lat' dir='ltr'>Germani</span> <span class='ocrx_word' id='word_1_251' title='bbox 471 3137 670 3201; x_wconf 89' lang='lat' dir='ltr'>vocarentur.&#39;</span> <span class='ocrx_word' id='word_1_252' title='bbox 763 3180 777 3216; x_wconf 75' lang='grc' dir='ltr'>Ι,</span> 
     </span>
    </p>

    <p class='ocr_par' dir='ltr' id='par_1_12' title="bbox 149 3223 1174 3744">
     <span class='ocr_line' id='line_1_35' title="bbox 195 3223 1153 3310; baseline 0.002 -24"><span class='ocrx_word' id='word_1_253' title='bbox 195 3223 253 3286; x_wconf 93' lang='lat' dir='ltr'>lll.</span> <span class='ocrx_word' id='word_1_254' title='bbox 277 3234 285 3260; x_wconf 91' lang='lat'>‘</span> <span class='ocrx_word' id='word_1_255' title='bbox 302 3223 410 3285; x_wconf 83' lang='lat' dir='ltr'>Fuisse</span> <span class='ocrx_word' id='word_1_256' title='bbox 426 3223 507 3306; x_wconf 91' lang='lat' dir='ltr'>apud</span> <span class='ocrx_word' id='word_1_257' title='bbox 523 3245 574 3285; x_wconf 89' lang='lat' dir='ltr'>eos</span> <span class='ocrx_word' id='word_1_258' title='bbox 586 3241 616 3288; x_wconf 90' lang='lat' dir='ltr'>et</span> <span class='ocrx_word' id='word_1_259' title='bbox 629 3223 806 3287; x_wconf 89' lang='lat' dir='ltr'>Herculem&#39;</span> <span class='ocrx_word' id='word_1_260' title='bbox 819 3237 997 3301; x_wconf 89' lang='lat' dir='ltr'>memorant,</span> <span class='ocrx_word' id='word_1_261' title='bbox 1008 3225 1153 3310; x_wconf 90' lang='lat' dir='ltr'>primum-</span> 
     </span>
     <span class='ocr_line' id='line_1_36' title="bbox 154 3309 1157 3399; baseline 0.005 -27"><span class='ocrx_word' id='word_1_262' title='bbox 154 3331 214 3396; x_wconf 89' lang='lat' dir='ltr'>que</span> <span class='ocrx_word' id='word_1_263' title='bbox 230 3311 363 3372; x_wconf 91' lang='lat' dir='ltr'>omnium</span> <span class='ocrx_word' id='word_1_264' title='bbox 376 3309 506 3372; x_wconf 90' lang='lat' dir='ltr'>virorum</span> <span class='ocrx_word' id='word_1_265' title='bbox 523 3309 642 3374; x_wconf 86' lang='lat' dir='ltr'>sortium</span> <span class='ocrx_word' id='word_1_266' title='bbox 665 3311 732 3373; x_wconf 91' lang='lat' dir='ltr'>ituri</span> <span class='ocrx_word' id='word_1_267' title='bbox 749 3311 777 3374; x_wconf 92' lang='lat' dir='ltr'>in</span> <span class='ocrx_word' id='word_1_268' title='bbox 796 3311 892 3396; x_wconf 86' lang='lat' dir='ltr'>praelia</span> <span class='ocrx_word' id='word_1_269' title='bbox 907 3327 1030 3399; x_wconf 79' lang='lat' dir='ltr'>canunt.</span> <span class='ocrx_word' id='word_1_270' title='bbox 1077 3312 1157 3378; x_wconf 87' lang='lat' dir='ltr'>Sunt</span> 
     </span>
     <span class='ocr_line' id='line_1_37' title="bbox 149 3389 1169 3483; baseline 0.002 -21"><span class='ocrx_word' id='word_1_271' title='bbox 149 3398 206 3462; x_wconf 89' lang='lat' dir='ltr'>illis</span> <span class='ocrx_word' id='word_1_272' title='bbox 223 3398 286 3459; x_wconf 84' lang='lat' dir='ltr'>haec</span> <span class='ocrx_word' id='word_1_273' title='bbox 303 3417 422 3482; x_wconf 89' lang='lat' dir='ltr'>quoqne</span> <span class='ocrx_word' id='word_1_274' title='bbox 445 3398 588 3472; x_wconf 90' lang='lat' dir='ltr'>earmina,</span> <span class='ocrx_word' id='word_1_275' title='bbox 612 3419 738 3483; x_wconf 91' lang='lat' dir='ltr'>quorum</span> <span class='ocrx_word' id='word_1_276' title='bbox 756 3389 862 3474; x_wconf 82' lang='lat' dir='ltr'>relatlr&#39;,</span> <span class='ocrx_word' id='word_1_277' title='bbox 886 3404 977 3483; x_wconf 82' lang='lat' dir='ltr'>quenl</span> <span class='ocrx_word' id='word_1_278' title='bbox 1000 3389 1169 3464; x_wconf 70' lang='lat' dir='ltr'>territans</span> 
     </span>
     <span class='ocr_line' id='line_1_38' title="bbox 151 3484 1174 3576; baseline 0.003 -29"><span class='ocrx_word' id='word_1_279' title='bbox 151 3499 272 3560; x_wconf 83' lang='lat' dir='ltr'>vocant,</span> <span class='ocrx_word' id='word_1_280' title='bbox 289 3484 460 3572; x_wconf 80' lang='lat' dir='ltr'>accendupt</span> <span class='ocrx_word' id='word_1_281' title='bbox 475 3484 601 3558; x_wconf 89' lang='lat' dir='ltr'>animos,</span> <span class='ocrx_word' id='word_1_282' title='bbox 618 3484 783 3568; x_wconf 84' lang='lat' dir='ltr'>luturaeque</span> <span class='ocrx_word' id='word_1_283' title='bbox 800 3507 906 3569; x_wconf 75' lang='lat' dir='ltr'>pugne</span> <span class='ocrx_word' id='word_1_284' title='bbox 923 3484 1070 3550; x_wconf 83' lang='lat' dir='ltr'>fortunam</span> <span class='ocrx_word' id='word_1_285' title='bbox 1087 3487 1174 3576; x_wconf 33' lang='lat' dir='ltr'>ipso!</span> 
     </span>
     <span class='ocr_line' id='line_1_39' title="bbox 149 3571 1152 3657; baseline 0.005 -23"><span class='ocrx_word' id='word_1_286' title='bbox 149 3585 241 3635; x_wconf 86' lang='lat' dir='ltr'>cantu</span> <span class='ocrx_word' id='word_1_287' title='bbox 257 3573 459 3647; x_wconf 68' lang='lat' dir='ltr'>augurantur:</span> <span class='ocrx_word' id='word_1_288' title='bbox 483 3584 595 3634; x_wconf 85' lang='lat' dir='ltr'>terrent</span> <span class='ocrx_word' id='word_1_289' title='bbox 618 3571 698 3634; x_wconf 90' lang='lat' dir='ltr'>enim</span> <span class='ocrx_word' id='word_1_290' title='bbox 720 3571 921 3655; x_wconf 77' lang='lat' dir='ltr'>trepidantes,</span> <span class='ocrx_word' id='word_1_291' title='bbox 944 3588 1032 3657; x_wconf 89' lang='lat' dir='ltr'>prout</span> <span class='ocrx_word' id='word_1_292' title='bbox 1054 3575 1152 3640; x_wconf 88' lang='lat' dir='ltr'>sonuit</span> 
     </span>
     <span class='ocr_line' id='line_1_40' title="bbox 152 3657 1151 3744; baseline 0.004 -24"><span class='ocrx_word' id='word_1_293' title='bbox 152 3658 244 3720; x_wconf 88' lang='lat' dir='ltr'>acies.</span> <span class='ocrx_word' id='word_1_294' title='bbox 290 3657 359 3721; x_wconf 91' lang='lat' dir='ltr'>Nec</span> <span class='ocrx_word' id='word_1_295' title='bbox 373 3672 435 3720; x_wconf 87' lang='lat' dir='ltr'>tam</span> <span class='ocrx_word' id='word_1_296' title='bbox 451 3658 532 3721; x_wconf 86' lang='lat' dir='ltr'>vocis</span> <span class='ocrx_word' id='word_1_297' title='bbox 543 3659 601 3732; x_wconf 88' lang='lat' dir='ltr'>ille,</span> <span class='ocrx_word' id='word_1_298' title='bbox 614 3657 704 3744; x_wconf 76' lang='lat' dir='ltr'>qulam</span> <span class='ocrx_word' id='word_1_299' title='bbox 718 3660 830 3722; x_wconf 87' lang='lat' dir='ltr'>virtutis</span> <span class='ocrx_word' id='word_1_300' title='bbox 840 3675 1006 3724; x_wconf 85' lang='lat' dir='ltr'>concentus</span> <span class='ocrx_word' id='word_1_301' title='bbox 1023 3661 1151 3725; x_wconf 87' lang='lat' dir='ltr'>videtur.</span> 
     </span>
    </p>
   </div>
   <div class='ocr_carea' id='block_1_4' title="bbox 151 3743 1152 3896">
    <p class='ocr_par' dir='ltr' id='par_1_13' title="bbox 151 3743 1152 3896">
     <span class='ocr_line' id='line_1_41' title="bbox 151 3743 1152 3896; baseline 0.001 -86"><span class='ocrx_word' id='word_1_302' title='bbox 151 3745 322 3810; x_wconf 82' lang='lat' dir='ltr'>Affectatur</span> <span class='ocrx_word' id='word_1_303' title='bbox 338 3743 487 3832; x_wconf 75' lang='lat' dir='ltr'>precipue</span> <span class='ocrx_word' id='word_1_304' title='bbox 510 3746 653 3832; x_wconf 86' lang='lat' dir='ltr'>asperitas</span> <span class='ocrx_word' id='word_1_305' title='bbox 668 3747 733 3896; x_wconf 76' lang='lat' dir='ltr'>supi</span> <span class='ocrx_word' id='word_1_306' title='bbox 748 3761 780 3811; x_wconf 90' lang='lat' dir='ltr'>et</span> <span class='ocrx_word' id='word_1_307' title='bbox 794 3745 922 3812; x_wconf 81' lang='lat' dir='ltr'>fractum</span> <span class='ocrx_word' id='word_1_308' title='bbox 938 3768 1081 3825; x_wconf 84' lang='lat' dir='ltr'>murmur,</span> <span class='ocrx_word' id='word_1_309' title='bbox 1096 3749 1152 3812; x_wconf 88' lang='lat' dir='ltr'>ob·</span> 
     </span>
     <span class='ocr_line' id='line_1_42' title="bbox 675 3839 688 3896; baseline 0 0"><span class='ocrx_word' id='word_1_310' title='bbox 675 3839 688 3896; x_wconf 95' lang='lat' dir='ltr'>l</span> 
     </span>
    </p>
   </div>
   <div class='ocr_carea' id='block_1_5' title="bbox 0 0 1263 4318">
    <p class='ocr_par' dir='ltr' id='par_1_14' title="bbox 0 0 1263 4318">
     <span class='ocr_line' id='line_1_43' title="bbox 0 0 1263 4318; baseline 0 0"><span class='ocrx_word' id='word_1_311' title='bbox 0 0 1263 4318; x_wconf 95' lang='lat' dir='ltr'> </span> 
     </span>
    </p>
   </div>
  </div>
 </body>
</html>
