2516 4250
49 213 51 216 ⁵
115 225 158 288 A.
174 221 215 288 C.
230 223 302 305 69.]
392 219 534 284 Hrsaou.
559 218 635 284 Lis.
659 216 852 282 Scammos.
1075 219 1124 283 ’Π

116 387 290 454 cunetatio:
314 399 345 450 et
360 372 577 469 Vespasianus,
592 381 686 446 modd
700 383 728 446 in
744 403 831 466 spem
841 395 971 462 erectus,
984 383 1119 470 aliquam

117 475 158 538 do
175 474 301 536 adversa
317 473 492 556 reputabat:
517 469 619 544 ‘Quis
635 470 686 532 illc
701 469 766 532 dies
782 469 869 547 soret,
885 492 946 556 quo
961 472 1120 552 sexaginta.

4 571 6 634 ξ
117 560 209 625 etatis
226 581 320 622 annos
335 574 365 620 et
381 559 457 622 duos
472 557 546 620 lilios
553 556 684 642 juvenes
699 557 780 620 bello
797 557 1004 639 permitteret?
1039 557 1120 622 Esse

4 645 6 676 ”
117 646 239 746 privatis
261 645 491 728 cogitationibus
515 663 717 726 progressum,
741 658 781 718 et,
809 658 895 726 prout
916 645 1020 721 velint,
1051 643 1120 728 plus

115 754 255 796 minusve
279 731 356 793 sumi
385 752 426 793 ex
449 728 606 792 Fortunio:
630 728 795 812 Imperium
825 724 1014 814 cupientibus
1044 731 1118 794 nibil

117 819 252 884 medium
264 819 340 880 inter
354 838 472 881 summa
487 830 518 880 et
535 815 720 900 praecipitia.'

160 902 306 968 LXXV.
332 901 518 966 Versabatur
540 917 609 966 anre
638 902 743 966 oculos
767 899 939 966 Germanici
966 902 1119 968 exercitiis

117 990 218 1066 robur,
242 1005 344 1052 notum
362 989 425 1052 viro
445 989 584 1054 militari:
609 988 705 1052 ‘Suae
725 988 860 1070 legiones
875 989 956 1053 civili
980 991 1060 1054 bello
1074 991 1120 1053 in·

117 1091 281 1161 expertas3
303 1073 427 1152 Vitellii,
443 1077 598 1140 victrices:
622 1090 653 1140 et
675 1074 756 1158 apud
775 1076 868 1139 victos
886 1076 952 1160 plus
968 1077 1120 1161 querimo-

117 1164 246 1239 niarum,
262 1161 352 1246 quiam
365 1162 489 1226 virium:
513 1161 627 1226 fluxam
640 1182 694 1245 per
704 1161 866 1226 discordias
876 1164 1002 1226 militum
1016 1164 1119 1242 fidem,

117 1264 149 1314 et
165 1250 330 1334 periculum
347 1269 387 1312 ex
402 1248 536 1332 singulis.
582 1246 665 1322 Quid
688 1249 768 1311 enim
792 1247 959 1332 profuturas
979 1251 1120 1314 cobortes

118 1336 251 1420 alasque,
282 1336 305 1398 si
332 1355 408 1397 unus
438 1336 573 1419 alterque
602 1336 742 1420 presenti
772 1335 894 1398 facinori
919 1351 1056 1420 paratum
1078 1357 1120 1401 ex

118 1421 240 1487 diverso
258 1421 412 1504 premium
436 1423 539 1504 petat?
585 1419 636 1486 Sic
660 1421 890 1484 Scribonianum
913 1423 968 1486 sub
989 1421 1121 1488 Claudio

117 1506 332 1572 intersectum:
354 1508 397 1570 sic
411 1513 623 1590 percussorem
639 1506 715 1592 ejus,
731 1505 934 1592 Volaginium,
951 1530 968 1570 a
984 1509 1121 1594 gregario

118 1594 156 1660 ad
172 1615 289 1658 summa
305 1593 414 1656 militie
437 1608 626 1678 provectum.
670 1591 802 1656 Facilius
825 1595 980 1658 universos
994 1595 1120 1680 impelli,

118 1679 208 1767 quiam
225 1681 358 1757 singulos
375 1679 481 1744 vitari.'

163 1763 318 1830 LXXVI.
343 1764 400 1830 His
415 1765 577 1850 pavoribus
592 1777 758 1842 nutantem,
781 1765 874 1834 etalii
890 1764 1000 1847 Legati
1016 1767 1121 1838 amici*¹

119 1873 179 1938 que
194 1852 362 1930 firmabant,
378 1867 409 1916 et
432 1851 605 1928 Mucianus,
630 1867 697 1932 post
712 1852 822 1914 multos
841 1871 1035 1938 secretosque
1055 1876 1120 1920 scr·

118 1959 237 2016 mones,
247 1939 311 2024 jam
325 1953 356 2002 et
370 1959 473 2004 coram
492 1939 533 2004 ita
555 1939 690 2004 locutus:
715 1936 854 2002 ‘Omnes
870 1940 920 2024 qui
944 1961 1121 2024 maguamm

118 2045 219 2090 rerum
234 2025 359 2088 consilia
381 2027 559 2110 suscipiunt,
584 2025 729 2090 estimare
753 2025 876 2103 debent,
903 2047 952 2104 au,
979 2029 1059 2112 quod
1076 2029 1121 2092 in·

117 2113 254 2188 abeatur,
278 2111 466 2195 Reipublice
493 2112 576 2189 utile,
600 2113 671 2197 ipsis
696 2113 870 2194 gloriosum,
895 2128 946 2177 aut
969 2129 1120 2198 promtum

118 2197 243 2275 effectu,
259 2213 310 2260 aut
325 2197 408 2262 certia
423 2220 483 2261 non
495 2199 621 2262 arduum
637 2199 688 2263 siu·
733 2197 830 2262 Simul
846 2199 921 2282 ipse,
937 2201 987 2284 qui
1003 2201 1120 2280 suadet,

118 2284 355 2349 considerandus
370 2299 425 2362 est,
441 2283 601 2369 adjiciatne
622 2284 747 2348 consilio
763 2285 931 2368 periculum
947 2307 1056 2350 suum:
1080 2301 1123 2368 st,
1161 2317 1162 2320 ¹

118 2371 145 2436 si
161 2369 296 2434 Fortuna
312 2372 421 2454 coaptis
437 2372 566 2448 affuerit,
581 2371 630 2434 cui
653 2392 804 2435 summurn
829 2371 924 2434 decus
939 2375 1122 2458 acquiratur.

120 2456 191 2539 Ego
206 2471 246 2534 te,
262 2455 462 2540 Vespasiano,
477 2458 515 2520 ad
532 2456 697 2540 Imperium
714 2478 800 2534 voco,
824 2471 885 2521 tam
901 2458 1030 2522 salutare
1047 2458 1123 2526 Rei·

119 2543 258 2628 publice,
274 2543 364 2627 quarn
381 2544 433 2606 tibi
448 2543 651 2626 magnificum.
696 2542 791 2607 Juxta
807 2542 904 2620 Deos,
917 2545 946 2606 in
963 2545 1016 2613 tud
1031 2568 1121 2612 manu

120 2630 251 2716 positum
269 2645 324 2694 ast.
370 2629 439 2692 Nec
454 2631 589 2714 speciem
610 2629 757 2694 adulantis
779 2631 958 2714 expaveris:
982 2647 1122 2697 acontue

119 2714 221 2794 maliti,
244 2716 334 2801 quam
358 2716 489 2780 alaude
513 2715 636 2800 propius
663 2716 760 2792 suerit,
785 2731 851 2800 post
866 2715 1022 2782 Vitellium
1039 2720 1120 2804 eligit

120 2801 192 2868 Non
208 2802 352 2866 adversus
368 2801 438 2866 Divi
455 2803 585 2884 Augusti
600 2803 775 2866 acerrimam
787 2817 931 2878 mentem,
947 2826 1003 2868 nec
1016 2806 1123 2870 advers

118 2889 171 2954 sits
184 2890 386 2952 cautissimam
396 2888 510 2952 Tiberii
523 2901 723 2965 senectutem,
739 2910 778 2952 ne
793 2905 896 2954 contra
909 2891 977 2954 Caii
987 2893 1121 2976 quidem,
1152 2946 1160 2980 „p
1228 2931 1232 2940 ·

118 2989 173 3040 aut
188 2967 320 3052 Claudii,
337 2975 385 3040 vel
409 2974 550 3052 Neronis,
566 2975 721 3040 fundatam
744 2975 834 3056 longo
850 2975 982 3058 lmperio
998 2979 1123 3044 domum

120 3063 333 3144 exsurgimus:
355 3062 471 3126 cessisti
493 3063 583 3126 etiam
614 3061 719 3125 Galbae
749 3062 938 3144 imaginibus.
983 3063 1123 3148 Torpere

118 3147 198 3214 ultra
223 3165 253 3212 et
277 3148 469 3232 polluendam
496 3148 744 3233 perdendamque
772 3147 1005 3231 Rempublicam
1031 3151 1122 3216 relin·

121 3256 225 3321 quere,
241 3257 330 3320 sopor
346 3252 377 3298 et
393 3235 511 3317 ignavia
527 3235 690 3313 videretur,
707 3235 797 3298 etiarn
813 3234 838 3297 si
853 3235 915 3312 tibi,
932 3235 1022 3321 quarn
1039 3238 1125 3303 inbo-

120 3338 216 3399 uesta,
233 3337 294 3384 tam
318 3337 382 3386 tuta
404 3323 532 3386 servitus
555 3336 645 3387 esset.
690 3321 787 3386 Abiit'
793 3319 856 3407 jam
873 3337 904 3385 et
920 3337 1123 3391 transvectum

120 3422 167 3472 est
189 3423 320 3493 tempus,
343 3429 403 3492 quo
427 3430 532 3494 posses
548 3407 643 3472 videri
665 3406 866 3491 corrcnpissc:
888 3408 1123 3490 confugiendum

118 3494 219 3558 estad
236 3494 411 3579 lmperium.
457 3497 506 3560 An
523 3494 638 3560 excidit
660 3495 826 3558 trucidatus
841 3493 1000 3560 Corbulo?
1023 3498 1124 3580 splen·

118 3580 218 3646 didior
232 3583 357 3664 origine,
374 3581 464 3666 quam
487 3603 542 3646 nos
565 3601 679 3658 sumus,
695 3579 808 3644 lateor:
831 3582 884 3645 sed
906 3597 937 3645 et
953 3580 1048 3660 Nero,
1069 3605 1124 3648 no

119 3667 233 3734 bilitate
249 3669 402 3747 natalium,
420 3666 578 3732 Vitellium
594 3668 739 3732 anteibat.
785 3666 865 3730 Satis
874 3667 972 3732 clarus
984 3685 1030 3733 est
1041 3669 1123 3754 apud

4 3783 5 3802 ¹
118 3754 288 3835 timentem,
300 3755 434 3842 quisquis
449 3755 581 3822 timetur.
623 3752 671 3880 fat
687 3773 776 3840 posse
792 3753 831 3818 ab
845 3755 983 3820 exercitu
1006 3753 1124 3825 Princi·
1160 3817 1162 3823 ,
